2540 4074
0 854 3 933 i

674 78 1780 332 TRACTATUS

866 453 1014 542 DE
1127 455 1598 546 GRATIA.

972 663 1492 750 PRooEMfflM.

272 878 326 936 1.
375 878 439 937 ΙΝ
492 899 626 937 eum
657 878 966 960 'praecipue
1017 878 1197 937 finem
1248 878 1585 957 Unigenitus
1632 879 1738 939 Dei
1790 881 1961 940 Filius
2023 895 2281 945 nostram

187 970 300 1031 sibi
339 973 586 1054 sumpsit
626 984 927 1046 naturam,
967 983 1095 1030 tum
1143 983 1208 1030 ut
1248 972 1515 1031 homines
1547 994 1579 1031 a
1619 972 1749 1032 labe
1788 986 1846 1034 et
1880 997 2052 1056 poena
2088 979 2285 1058 eripe-

183 1078 279 1126 ret
306 1111 322 1141 ,
357 1088 533 1147 quam
569 1067 677 1148 ipsi
708 1077 769 1126 et
805 1067 978 1148 primi
1013 1066 1269 1148 parentis
1311 1067 1922 1149 culpacontraxerant
1967 1081 2024 1129 et
2058 1070 2284 1152 privata

184 1182 290 1220 sua
331 1160 588 1242 nequitia
646 1161 754 1220 sibi
771 1161 775 1169 ”
794 1161 1034 1241 quisque
1087 1162 1440 1223 consciverat
1466 1207 1481 1236 ,
1526 1174 1655 1221 tum
1714 1164 1890 1222 etiam
1938 1176 2004 1223 ut
2041 1164 2171 1224 illos
2208 1165 2284 1225 ad

186 1255 292 1314 Dei
335 1255 689 1314 consortium
721 1267 1018 1316 revocaret
1058 1267 1231 1337 atque
1273 1255 1348 1315 ad
1385 1267 1664 1316 aeternam
1689 1257 2022 1317 felicitatem
2071 1259 2287 1320 evehe-

186 1360 299 1408 ret.
336 1353 490 1409 Deus
537 1350 693 1409 enim
735 1351 1070 1430 proposuit,
1112 1361 1176 1408 ut
1207 1350 1462 1431 loquitur
1493 1351 1795 1430 Apostolus
1826 1395 1841 1426 ,
1885 1355 1954 1411 in
1981 1354 2287 1432 dispensa-

187 1448 344 1502 tione
358 1446 763 1524 plenitudinis
791 1456 1116 1523 temporum
1145 1450 1492 1503 instaurare
1523 1450 1728 1503 omnia
1755 1451 1823 1503 in
1854 1446 2082 1504 Christo
2103 1488 2125 1517 ,
2152 1469 2286 1525 quae

192 1543 262 1596 in
296 1541 453 1597 eoelis
482 1549 536 1597 et
564 1562 698 1617 quoe
726 1544 795 1597 in
829 1550 992 1598 terra
1023 1550 1167 1597 sunt
1198 1543 1268 1597 in
1297 1545 1423 1618 ipso
1461 1545 1480 1616 (
1507 1539 1714 1620 EpheS.
1757 1540 1780 1597 I
1806 1583 1819 1606 ,
1860 1541 1895 1597 9
1920 1583 1935 1612 ‚
1972 1539 2105 1619 10).
2156 1542 2289 1601 Haec

189 1654 364 1713 porro
399 1638 765 1692 instauratio
807 1634 869 1690 in
902 1634 1065 1714 impii
1094 1634 1505 1710 justificatione
1551 1634 1843 1711 potissime
1887 1634 2145 1692 consistit
2174 1679 2189 1708 7
2230 1646 2289 1694 et

189 1726 254 1783 in
292 1725 638 1803 adjumentis
663 1728 786 1786 sive
809 1726 1074 1785 subsidiis
1095 1772 1110 1800 ,
1144 1727 1351 1807 quibus
1376 1727 1639 1785 homines
1676 1728 2026 1804 adjuvantur
2058 1728 2133 1786 ad
2161 1749 2293 1790 eam.

191 1818 301 1876 sibi
345 1819 797 1899 comparandam
836 1864 853 1893 a
897 1831 1071 1899 atque
1112 1821 1176 1876 in
1235 1820 1437 1878 eadem
1478 1826 1601 1896 jam
1656 1821 1864 1901 adepta
1909 1842 2290 1902 perseveran-

191 1912 334 1971 dum
367 1958 384 1986 a
423 1912 760 1994 fructusque
798 1913 916 1975 vita
967 1924 1201 1972 aeternae
1235 1912 1439 1992 ‘dignos
1480 1913 1821 1988 eliciend08‚
1868 1915 2050 1974 donec
2087 1916 2160 1974 ad
2187 1917 2290 1975 Dei

63 2074 101 2093 '¹
191 2006 540 2088 perveniant
567 2008 925 2088 adspectum.
960 2009 1092 2066 Haec
1134 2019 1327 2066 autem
1356 2019 1493 2066 sunt
1513 2052 1528 2081 ,
1561 2008 1634 2066 de
1656 2007 1863 2088 quibus
1889 2010 1951 2066 in
1986 2010 2291 2090 praesentia

191 2122 358 2181 agere
405 2101 797 2175 instituimuS‚
840 2101 911 2160 de
943 2102 1122 2181 gratia
1168 2123 1417 2182 nempe,
1466 2112 1532 2159 ut
1569 2114 1810 2176 vocant,
1864 2104 2105 2178 actuali,
2148 2105 2291 2162 item

192 2196 268 2254 de
291 2196 470 2275 gratia
497 2197 890 2254 sanctificante
918 2197 1038 2255 sive
1071 2195 1142 2254 de
1156 2196 1565 2274 justificatione
1584 2239 1600 2269 ,
1631 2207 1754 2254 tum
1793 2196 2041 2277 denique
2064 2196 2137 2255 de
2164 2218 2288 2255 me-

192 2290 339 2363 ritot,
375 2311 446 2349 ex
474 2289 682 2371 quibus
708 2288 947 2371 profluit
983 2290 1160 2349 totius
1183 2300 1460 2348 tractatus
1496 2289 1556 2349 in
1580 2300 1695 2349 tres
1718 2301 1908 2371 partes
1938 2289 2283 2348 distributio·

956 2514 1164 2582 PARS
1245 2514 1530 2582 PRIMA.

910 2688 1006 2727 ’ΒΕ
1061 2685 1263 2728 GRATIA
1318 2685 1560 2726 ACTUALI.

206 2910 212 2915 .
278 2866 337 2923 2.
386 2865 442 2924 Si
479 2886 688 2944 magna
722 2863 820 2923 illa
857 2868 1253 2937 instauratio,
1292 2884 1470 2943 quam
1504 2861 1762 2921 Christus
1791 2861 2028 2943 perfecit
2064 2881 2169 2942 per
2195 2883 2256 2919 sa

194 2959 472 3018 orificium
506 2960 710 3018 mortis
745 2980 860 3018 suae
881 3003 897 3032 7
930 2959 991 3016 in
1033 2979 1100 3017 eo
1123 2958 1421 3039 potissime
1462 2957 1751 3030 consistit,
1799 2956 1955 3036 quod
1990 2954 2288 3014 hominem

197 3050 424 3133 lapsum
465 3064 732 3135 reparat,
774 3063 946 3134 atque
980 3053 1041 3110 in
1074 3053 1380 3133 pristinum
1404 3096 1420 3125 ,
1453 3072 1524 3110 ex
1563 3072 1677 3131 quo
1707 3048 2025 3122 exciderat7
2070 3059 2286 3113 statum

198 3157 429 3207 revocat
451 3192 468 3222 .‚
506 3159 668 3230 patet
708 3147 885 3206 talem
922 3168 986 3204 ac
1014 3157 1240 3204 tantam
1272 3147 1425 3204 inter
1450 3154 1665 3204 statum
1695 3143 1945 3202 hominis
1967 3143 2288 3230 innocentis

199 3250 258 3298 et
283 3239 460 3321 lapsi,
492 3263 557 3302 ac
593 3242 832 3302 demum
861 3263 968 3322 per
1001 3241 1296 3300 Christum
1335 3240 1625 3322 reparati,
1662 3237 2018 3297 intercedere
2049 3236 2290 3296 necessi-

196 3335 463 3395 tudinem
486 3358 549 3396 ac
568 3337 1021 3419 dependentiam
1051 3381 1067 3411 7
1092 3347 1158 3394 ut
1191 3335 1336 3395 alter
1369 3333 1441 3393 ab
1471 3334 1653 3394 altero
1688 3332 1887 3394 divelli
1907 3332 2144 3390 omnino
2166 3351 2288 3389 non

196 3429 392 3510 possit.
424 3430 682 3492 Ex'recta
710 3430 996 3513 siquidem
1026 3442 1126 3489 aut
1149 3451 1326 3511 prava
1360 3429 1596 3488 notione
1623 3428 1913 3509 primaevae
1943 3422 2286 3484 conditionis

196 3523 521 3603 primorum
554 3537 866 3607 parentum
887 3570 902 3600 a
952 3536 1052 3584 aut
1088 3523 1408 3584 orthodoxa
1449 3532 1550 3582 aut
1575 3521 1858 3582 haeretica
1902 3519 2162 3579 doctrina
2194 3516 2287 3581 di-

195 3628 398 3678 manat
427 3618 570 3678 circa
607 3620 850 3699 gratiam
879 3631 1052 3702 atque
1074 3665 1090 3697 ‚
1118 3629 1184 3678 ut
1220 3617 1490 3699 deinceps
1525 3615 1850 3681 videbimus
1876 3659 1894 3691 ‚
1931 3614 2080 3674 circa
2106 3611 2289 3691 justi-

358 3713 425 3771 T.
475 3714 543 3774 V.
2014 3708 2045 3765 1
