2430 4056
357 215 518 254 mar.
566 216 609 254 1.
654 214 779 253 cu.
821 212 903 253 iv.
947 212 1017 250 nn
1059 210 1288 253 nrum
1329 213 1396 250 m·
1438 211 1611 252 mvxs,
1661 206 1827 250 cun.
1874 208 1997 248 mc.
2114 187 2227 247 157

217 357 354 417 336.
402 358 565 416 Hanc
587 353 911 413 doctrinam
943 375 1062 411 non
1090 354 1284 412 minus
1317 363 1517 434 aperte
1553 350 1735 411 tradit
1764 348 2105 409 Tridentina
2125 352 2233 431 Sy-

117 451 361 525 ‘nodus7
398 450 594 510 dicens
636 469 650 505 ε
690 446 882 506 Nemo
930 451 1253 507 temeraria
1296 448 1406 505 illa
1443 457 1497 506 et
1531 468 1571 504 a
1610 447 1909 505 Patribus
1948 446 2060 504 sub
2086 467 2234 505 ana-

111 542 116 547 ’
138 548 385 606 themate
398 544 708 625 prohibita
732 562 862 600 voce
889 546 985 600 uti
1008 541 1219 621 (dehet
1238 544 1293 621 ):
1321 543 1444 601 Dei
1463 551 1758 621 proecepta
1782 541 2018 599 homini
2035 545 2234 620 justi-

129 643 304 720 ficato
317 641 403 703 ad
418 637 854 698 observandum
877 659 989 696 esse
1019 638 1440 716 impossibilia.
1461 636 1630 695 Nam
1654 637 1817 699 Deus
1835 637 2234 715 impossibilia

137 735 479 813 nonjuhet7
513 743 628 791 etc.
662 731 773 811 (1).
807 733 951 811 Ergo
987 753 1056 791 ex
1082 730 1335 790 Concilio
1373 752 1574 790 omnes
1590 730 1733 808 justi
1767 728 1987 788 habent
2026 731 2233 809 gratias

137 828 378 889 relative
410 826 755 885 necessarias
779 825 850 884 ad
877 826 1070 885 divina
1100 824 1371 883 mandata
1392 823 1693 885 servanda.
1735 824 1849 882 Sed.
1872 824 2068 905 plures
2087 827 2233 902 justi

135 944 201 984 ea
226 942 347 980 non
370 932 607 982 servant
625 931 727 979 eta
747 921 1018 998 justititia
1044 918 1338 978 excidunt.
1371 919 1514 997 Ergo
1531 939 1651 975 non
1673 917 1950 990 efficaces7
1978 918 2080 976 sed
2097 941 2233 980 vere

91 1025 93 1027 ’
131 1014 324 1078 solum
340 1026 399 1075 et
418 1036 579 1074 mere
600 1015 945 1074 sufficientes
964 1013 1173 1095 gratias
1198 1011 1273 1070 ad
1301 1033 1366 1070 ea
1389 1011 1676 1071 servanda
1692 1054 1714 1082 ,
1731 1011 1832 1092 qui
1860 1010 2231 1093 delinquunt7

137 1121 588 1191 consequuntur.
640 1110 706 1168 Id
750 1110 942 1189 ipsum
972 1113 1095 1186 jam
1134 1106 1527 1166 declaraverat
1572 1106 1892 1166 Concilium
1934 1108 2236 1168 Arausica-

143 1227 288 1264 num
309 1205 392 1278 117
418 1226 545 1263 can.
567 1206 697 1262 XXI
717 1228 732 1277 ς
751 1205 843 1262 cui
859 1196 1138 1261 consonat
1157 1200 1419 1280 Synodus
1451 1201 1811 1260 Tridentina.
1844 1203 2094 1260 Demum
2121 1202 2234 1262 huc

134 1312 397 1383 spectant
421 1300 838 1382 propositiones
862 1300 924 1357 in
952 1298 1260 1371 Quesnello
1295 1297 1582 1356 damnatae
1609 1322 1624 1370 ς
1660 1298 1870 1356 scilicet
1901 1299 1999 1356 1X²
2030 1322 2042 1356 ε
2085 1300 2238 1359 Gra-

135 1400 224 1455 tia
267 1397 495 1456 Christi
532 1406 615 1453 esc
644 1398 851 1474 qratia
896 1415 1176 1472 suprema
1201 1438 1216 1465 7
1262 1395 1386 1451 sine
1438 1414 1561 1471 qua
1613 1393 1919 1452 Christum
1972 1395 2241 1472 confiteri

141 1512 462 1570 nimquam
482 1510 803 1569 possumus
835 1534 850 1561 7
881 1499 936 1563 et
965 1510 1103 1546 cum
1129 1510 1250 1567 qua
1287 1510 1608 1566 nimquam
1628 1490 1801 1546 illum
1828 1490 2195 1567 abneqamus
2207 1515 2235 1563 ‚-

116 1598 197 1646 et
223 1587 326 1644 X²z
363 1586 583 1645 Gratia
608 1595 690 1643 est
708 1588 967 1663 operatio
990 1605 1208 1641 manus
1237 1587 1663 1661 omnipotentis
1686 1585 1805 1662 Dei
1821 1630 1835 1656 7
1867 1605 2052 1661 quam
2079 1586 2241 1643 nihil

139 1682 432 1760 impedire
454 1690 667 1752 potest7
699 1690 809 1738 aut
831 1679 1138 1736 retardare
1151 1703 1177 1750 ,-
1211 1676 1446 1758 aliaeque
1467 1677 1747 1755 ejusmodi
1764 1723 1779 1752 7
1811 1700 1939 1759 quae
1965 1679 2237 1739 eumdem

136 1795 371 1833 sensum
391 1795 510 1855 prae
534 1795 594 1831 se
620 1773 816 1831 ferunt
838 1818 854 1847 7
873 1773 980 1831 etsi
1007 1771 1248 1832 diversis
1280 1770 1471 1831 verbis
1498 1793 1780 1853 expressae
1806 1773 1911 1854 (2).

214 1868 351 1926 337.
386 1869 551 1926 Ratio
574 1887 712 1926 vero
727 1866 1046 1945 theologica
1063 1864 1446 1924 ineluctabilis
1466 1878 1570 1925 est.
1591 1868 1818 1925 Etenim
1839 1870 1988 1926 Deus
2006 1914 2021 1942 7
2040 1880 2107 1927 ut
2133 1892 2236 1929 suo

136 1962 260 2020 loco
285 1960 642 2025 ostendimus
672 1960 759 2039 (3)
777 2006 792 2033 7
828 1961 1003 2018 etiam
1028 1961 1088 2018 in
1114 1960 1382 2040 praesenti
1417 1972 1570 2018 statu
1597 1983 1731 2020 vere
1760 1983 1823 2019 ac
1861 1963 2082 2022 sincere
2111 1963 2240 2022 vult

136 2059 398 2117 omnium
414 2057 720 2116 hominum
737 2056 983 2115 salutem
1000 2077 1063 2115 ac
1078 2067 1500 2138 praeceptorum
1515 2078 1751 2115 suorum
1764 2057 2195 2119 observantiam
2218 2088 2235 2135 .·,

100 2163 105 2166 ’
137 2175 271 2233 ergo
288 2151 560 2211 omnibus
587 2151 921 2233 suppeditat
941 2151 1134 2210 media
1165 2149 1239 2209 ad
1262 2163 1576 2232 utrumque
1601 2153 1779 2211 finem
1804 2154 2239 2234 assequendum

137 2249 478 2307 necessaria.
524 2247 638 2306 Sed
679 2247 746 2304 iis
780 2268 902 2304 non
945 2245 1310 2305 obstantibus
1362 2246 1536 2305 multi
1588 2248 1846 2327 quotidie
1887 2261 2129 2328 peccant
2176 2271 2241 2308 ac

139 2354 390 2424 pereunt
414 2367 429 2416 ς
458 2363 589 2421 ergo
612 2363 732 2399 non
762 2340 1006 2400 efficacia
1029 2386 1044 2415 7
1073 2341 1176 2399 sed
1203 2341 1390 2399 solum
1424 2342 1764 2400 sufficientia
1789 2344 2065 2420 ejusmodi
2101 2344 2241 2403 sub-

143 2437 287 2496 sidia
322 2458 421 2496 seu
448 2437 641 2516 gratiae
664 2438 828 2518 [saepe
862 2446 1000 2494 sunt
1031 2434 1119 2515 (4)
1150 2461 1166 2510 3
1195 2456 1295 2494 seu
1316 2481 1332 2510 7
1364 2435 1521 2517 quod
1543 2436 1748 2496 eodem
1791 2437 1997 2497 recidit
2023 2483 2038 2513 7
2069 2439 2241 2499 datur

141 2684 282 2749 gratia
304 2684 506 2732 interiori
525 2699 578 2730 ac
598 2680 896 2742 medicinali,
929 2682 1004 2729 cui
1024 2697 1146 2746 saepe
1237 2681 1482 2746 Scripturis
1512 2719 1525 2740 7
1555 2701 1697 2749 quam
1732 2684 1917 2733 Patrum
1950 2723 1962 2745 7
1990 2690 2242 2750 praesertim

143 2766 385 2814 resistitur.
431 2764 485 2812 Id
516 2768 669 2829 ipsum
712 2765 923 2828 praestitit
965 2762 1016 2809 P.
1056 2763 1151 2812 De·
1237 2762 1288 2812 S.
1327 2763 1570 2828 Augustini
1599 2803 1612 2824 7
1645 2769 1903 2814 auctoritati
1925 2785 1978 2815 ac
2007 2767 2239 2816 Concilio-

145 2846 336 2911 champs
356 2883 369 2905 7
401 2862 476 2910 op.
511 2848 588 2893 cit.
628 2843 718 2893 lib.
753 2859 809 2892 111
829 2882 842 2905 7
874 2845 994 2909 disp.
1038 2859 1150 2905 vm,
1237 2862 1342 2894 rum
1359 2847 1706 2895 definitionibus
1719 2848 1971 2897 adversari.

144 2943 248 2993 cap.
278 2944 297 2974 1
333 2938 378 2975 et
406 2943 536 2992 seqq.
571 2944 626 2975 ac
657 2929 812 2975 omnia
838 2926 1048 2976 Jansenii
1078 2927 1152 2975 di·
1306 2927 1368 2992 (3)
1416 2916 1572 2977 Tract.
1621 2927 1703 2976 De
1751 2928 1858 2976 Deo
1889 2965 1902 2988 ,
1946 2947 1997 2978 n.
2049 2929 2146 2993 460
2197 2941 2243 2980 et

155 3008 376 3058 verticula
404 3007 659 3056 luculenter
697 3025 794 3056 non
829 3010 982 3056 minus
1012 3026 1154 3075 quam
1246 3026 1381 3076 seqq.

158 3091 301 3140 solide
316 3084 494 3139 evertit.
1311 3090 1376 3155 (le)
1395 3090 1493 3139 cfr.
1511 3100 1717 3138 auctores
1729 3092 1854 3139 citati
1870 3108 1956 3140 nec
1971 3108 2067 3141 non
2082 3091 2134 3142 P.
2152 3092 2243 3142 Da-

225 3169 288 3235 (1)
324 3169 444 3220 Sess.
472 3187 544 3232 vx,
575 3187 680 3237 cap.
710 3186 727 3218 1
745 3187 788 3220 ι.
1240 3173 1354 3231 niel,
1386 3171 1558 3219 Traite
1572 3170 1866 3237 theoloqique,
1879 3173 2105 3222 touchant
2118 3173 2245 3240 l’effi-

223 3251 291 3316 (2)
324 3251 423 3300 cfr.
471 3254 522 3299 in
590 3252 672 3300 has
731 3253 1058 3318 propositiones
1096 3250 1153 3301 P.
1241 3255 1390 3302 cacite
1419 3252 1474 3300 de
1491 3251 1538 3299 la
1548 3254 1710 3316 quiec,
1729 3257 1810 3320 qui
1830 3257 2062 3303 invenitur
2095 3259 2145 3304 in
2167 3273 2245 3321 op.

152 3332 189 3380 F
192 3334 375 3381 ontaine
387 3335 438 3380 in
453 3334 531 3382 cit.
549 3351 626 3398 op,
646 3330 738 3382 SS.
755 3332 830 3383 D.
848 3332 916 3382 N.
938 3331 1155 3381 Clemen-
1239 3333 1439 3383 Recueil
1449 3334 1505 3382 de
1529 3335 1689 3383 divers
1703 3352 1932 3401 ouvraqes
1940 3337 2242 3404 philosophi-

151 3413 215 3461 τῖε
246 3412 406 3480 Papoe
449 3430 495 3462 xx
530 3412 814 3463 Constitutio
856 3413 1154 3480 Uniqenitus
1239 3432 1357 3482 ques
1374 3451 1391 3477 ‚
1410 3415 1723 3482 ibboloqiques
1736 3455 1750 3475 ,
1773 3407 1888 3481 εἰσ.)
1904 3436 1983 3484 par
2020 3419 2064 3468 le
2096 3419 2158 3468 R.
2175 3417 2241 3470 P.

147 3494 728 3561 theoloqicepropuqnata,
745 3506 862 3546 tom.
877 3513 895 3544 1
907 3531 921 3556 ,
937 3506 1038 3562 pag.
1060 3512 1077 3542 1
1090 3493 1157 3560 54
1238 3497 1402 3546 Daniel
1413 3499 1470 3548 de
1482 3499 1527 3548 la
1538 3499 1699 3568 Comp'.
1714 3501 1771 3550 de
1783 3500 1812 3550 J
1813 3501 1934 3551 esus.
1951 3501 2077 3551 Paris
2096 3517 2113 3548 1
2126 3498 2242 3568 724,

149 3589 197 3630 et
220 3597 353 3646 seqq.
372 3579 455 3628 ubi
474 3582 653 3645 copiose
680 3597 754 3630 eas
769 3581 973 3642 refellit,
997 3590 1154 3631 osten·
1239 3591 1364 3633 tome
1388 3583 1578 3634 second.

149 3660 303 3712 dendo
317 3698 332 3728 ,
351 3677 428 3712 eas
442 3661 676 3715 haereticas
689 3657 806 3727 esse,
821 3679 875 3714 ac
886 3678 984 3714 non
998 3664 1156 3713 minus
