2430 4056
193 192 309 252 204
935 192 1132 245 ruer.
1179 207 1248 244 nn
1289 208 1526 247 amru..

196 336 352 413 enim
378 347 616 411 senserit
644 345 717 405 de
740 344 900 403 istius
928 343 1350 419 distributione,
1378 356 1538 426 patet
1556 356 1683 404 tum
1715 365 1785 405 ex
1805 344 1874 402 iis
1894 388 1911 419 .‚
1938 335 2069 425 quai
2089 346 2260 425 paulo

196 458 331 506 ante
362 467 430 504 ex
465 444 589 522 ipso
611 437 911 498 retulimus
938 483 954 513 .,
982 450 1110 497 tum
1132 460 1202 498 ex
1232 438 1334 511 iis5
1366 432 1505 518 quaa·
1521 439 1623 499 lib.
1656 440 1734 499 III
1756 484 1771 512 ‚
1802 429 2015 498 Contra
2031 439 2258 517 gentes,⁴

196 562 318 620 cap.
348 537 540 608 CLIX,
571 531 763 590 scribit
787 554 800 590 ε
828 534 993 590 Deus
1017 542 1316 610 quantum
1343 527 1606 591 in'se'est
1618 576 1639 603 ,
1664 535 1917 611 paratus
1950 521 2046 591 est'
2070 540 2262 590 omni-

195 635 304 693 hus
334 631 599 708 qratiam
633 626 777 683 dare
802 648 818 702 3
861 626 986 682 vult
1016 629 1178 683 enim
1210 645 1402 682 omnes
1438 625 1698 686 homines
1723 629 1907 685 salvos
1923 628 2062 705 fieri
2099 636 2155 684 et
2182 627 2268 684 ad

192 726 571 802 coynitionem
592 722 855 776 veritatis
880 722 1147 777 venire...
1171 720 1271 777 sed
1295 720 1392 776 illi
1412 719 1525 776 soli
1545 722 1747 801 qratia
1762 725 2124 799 privantur,
2155 724 2267 798 qui

192 819 336 875 iu'se
356 819 502 894 ipsis
520 818 733 893 qrati'ce
753 813 1245 892 impedimentum
1262 822 1584 890 proestaut3
1614 817 1770 872 siout
1779 850 1801 885 9
1829 817 1938 873 sole
1959 814 2260 872 mundum

191 914 571 969 illuminante
599 951 616 974 ‚
661 913 731 966 iu
772 913 1011 986 culpam
1043 911 1384 986 imputatur
1406 910 1498 978 ei,
1528 911 1642 983 qui
1671 913 1858 966 oculos
1886 909 2123 967 claudit
2145 951 2168 978 ,
2208 913 2270 965 si

196 1027 266 1063 ea·
295 1005 396 1063 hoo
423 1003 667 1080 aliquod
693 1004 920 1060 malum
960 1012 1240 1079 sequatur
1259 1044 1281 1072 ,
1324 1002 1458 1059 licet
1496 1000 1690 1059 videre
1724 1008 1846 1059 non
1870 1006 2058 1080 possit
2075 1043 2096 1072 ,
2140 1006 2268 1060 nisi

190 1102 416 1158 lumine
443 1100 576 1156 solis
607 1102 1018 1175 praeveniente.
1993 1111 1995 1113 ·

272 1193 404 1274 452.
453 1192 540 1250 Ad
571 1193 605 1250 7
611 1206 674 1263 ¹1¹,
709 1192 859 1249 Dist.
890 1191 959 1247 Et
987 1192 1041 1248 S.
1075 1190 1420 1272 Augustinus
1441 1234 1456 1264 3
1486 1189 1540 1247 S.
1573 1190 1814 1269 Prosper
1847 1187 2054 1269 aliique
2074 1232 2090 1262 ,
2123 1208 2263 1268 quo-

191 1309 321 1345 rum
371 1285 572 1343 similia
619 1284 945 1342 testimonia
997 1283 1204 1343 adduci
1255 1294 1489 1365 possent
1516 1328 1531 1357 .,
1576 1294 1791 1362 negant
1835 1284 2074 1362 gratiam
2130 1281 2263 1342 fidei

194 1379 457 1439 omnibus
509 1378 672 1449 dari„
718 1379 1034 1459 praesertim
1080 1400 1250 1437 sensu
1303 1376 1893 1459 Semipelagianorum
1924 1422 1941 1452 7
1989 1375 2262 1437 adversus

195 1495 334 1555 quos
385 1472 631 1552 agebant
663 1521 678 1549 a
729 1494 918 1539 eono.,·
975 1494 1143 1531 sensu
1193 1471 1469 1531 catholico
1519 1494 1550 1530 a
1592 1470 1758 1531 nobis
1798 1472 2081 1553 exposit0‚
2128 1492 2256 1550 neq.

196 1569 388 1626 Gratia
428 1566 659 1626 actualis
689 1566 823 1625 fidei
857 1567 1118 1648 perfectae
1145 1578 1202 1626 et
1234 1568 1651 1644 justificationis
1685 1568 1941 1647 profecto
1974 1573 2095 1624 non
2135 1586 2263 1623 om-

195 1661 364 1719 nibus
392 1662 559 1719 datur
585 1707 599 1735 ‚,
631 1672 687 1720 et
712 1661 821 1719 hoc
847 1683 1015 1720 sensu
1034 1672 1184 1720 recte
1212 1661 1297 1718 illi
1333 1665 1526 1721 Patres
1548 1662 1611 1720 id
1646 1661 1879 1719 inficiati
1911 1671 2046 1718 sunt
2067 1658 2266 1719 adver-

193 1777 286 1813 sus
327 1755 799 1837 Semipelagianos
833 1800 848 1829 ,
890 1755 1302 1815 contendentes
1338 1756 1488 1814 hanc
1533 1757 1749 1837 pariter
1793 1753 2061 1813 omnibus
2100 1752 2262 1828 dari,

193 1852 510 1929 praesertim
548 1851 594 1908 si
621 1872 723 1931 per
769 1861 1000 1908 conatus
1028 1895 1043 1924 a
1072 1872 1178 1931 per
1222 1850 1599 1924 desiderium,
1649 1872 1754 1931 per
1789 1848 2113 1907 naturalem
2149 1848 2266 1906 hu-

193 1965 423 2002 manam
454 1944 814 2005 voluntatem
835 1989 851 2017 7
887 1956 986 2001 aut
1010 1946 1212 2003 merita
1237 1944 1519 2002 naturalia
1548 1944 1656 2002 sibi
1683 1954 2009 2022 comparata
2035 1942 2266 2023 propria

196 2038 406 2096 virtute
447 2059 572 2097 eam
616 2039 1062 2119 promeruerint.
1116 2041 1371 2098 Mentem
1409 2037 1992 2119 Semipelagianorum
2029 2036 2266 2117 exponit

194 2130 345 2190 idem
375 2134 429 2190 S.
467 2135 743 2213 Prosper,
779 2133 978 2191 Carm.
1013 2134 1108 2191 cit.
1148 2155 1273 2214 cap.
1312 2137 1372 2207 Ι,
1403 2155 1460 2193 v.
1491 2135 1568 2191 29
1603 2144 1661 2192 et
1690 2154 1849 2213 seqq.

354 2228 589 2284 Nouum
612 2237 811 2285 autem
843 2250 914 2284 EX
941 2250 1166 2287 cuncus
1190 2239 1441 2286 exortem
1468 2231 1739 2287 muneris
1766 2228 1948 2304 liujus

352 2321 598 2379 Judieio
631 2327 902 2401 yeni'tum
943 2344 1054 2380 esse
1098 2324 1209 2382 Dei
1222 2347 1244 2388 ,·
1276 2324 1378 2380 secl
1396 2344 1664 2393 QUEMQUE
1690 2343 1900 2379 Menum

353 2414 661 2474 LlBEnTA'rE
693 2438 797 2474 suA
816 2461 833 2491 ,
858 2426 927 2473 ut
947 2421 1150 2495 capiat
1182 2422 1483 2494 promissa
1521 2419 1787 2474 vocantis
1812 2458 1832 2486 ,

365 2508 507 2586 Quae
552 2514 676 2567 siut
713 2515 935 2569 aversis
977 2512 1243 2569 indebita
1273 2555 1288 2586 ‚
1332 2533 1530 2569 nEm'rA
1573 2532 1783 2569 nnc'rls.

193 2602 308 2659 Nos
336 2621 473 2662 vero
504 2603 847 2665 adstruimus
866 2654 881 2682 ‚
916 2606 1135 2665 nemini
1159 2605 1353 2665 deesse
1387 2602 2131 2684 gratiam'sufficientem‘ad
2155 2623 2268 2663 ser-

196 2697 388 2757 vanda
432 2699 625 2759 divina
651 2702 944 2761 mandata.
1519 2689 1526 2697 κ

275 2791 413 2850 453.
462 2793 594 2871 Obj„
639 2807 861 2876 quarta.
911 2798 971 2854 10
1014 2797 1070 2854 Si
1099 2796 1426 2856 infidelibus
1461 2795 1853 2856 tribuerentur
1909 2795 2100 2875 gratiae
2147 2794 2268 2852 suf—

197 2885 450 2946 ficientes
494 2888 569 2946 ad
601 2890 945 2950 servandam
972 2890 1157 2969 legem
1200 2891 1559 2962 naturalem,
1605 2902 1841 2972 possent
1883 2891 1947 2947 in
1976 2889 2075 2947 illo
2116 2899 2268 2946 statu

200 2977 429 3058 diligere
462 2985 648 3041 Deum
690 3006 861 3065 super
898 2985 1090 3043 omnia
1122 3011 1137 3059 ς
1189 2986 1343 3066 quod
1372 2997 1566 3044 tamen
1596 2985 1705 3043 dici
1727 2985 1932 3065 nequit
1954 3029 1969 3057 ‚
2016 2979 2269 3064 alioquin

198 3086 432 3152 possent
459 3079 754 3153 justificari
783 3091 842 3138 et
867 3079 1075 3139 salvari
1111 3079 1232 3139 sine
1262 3080 1375 3140 fide
1414 3081 1476 3138 in
1512 3079 1822 3139 Christum.
1857 3081 1925 3137 20
1961 3081 2271 3150 Praeterea,

202 3167 249 3224 si
270 3168 526 3230 infideles
540 3173 743 3233 iisdem
766 3177 957 3253 gratiis
972 3174 1125 3234 bene
1141 3186 1368 3234 utentes
1386 3186 1623 3257 possent
1644 3174 1717 3233 ad
1741 3174 1917 3233 fidem
1939 3172 2242 3254 pervenire
2258 3214 2274 3246 ‚

202 3260 360 3320 nulla
390 3265 632 3345 amplius
673 3268 898 3350 inipsis
934 3269 1166 3329 daretur
1207 3271 1526 3349 ignorantia
1561 3268 1907 3329 invincibilis
1933 3280 1993 3328 et
2017 3264 2278 3347 inculpa÷

202 3352 333 3413 bilis
373 3361 774 3436 mysteriorum
803 3363 969 3436 fidei3
1011 3364 1170 3444 atqui
1223 3364 1344 3424 haec
1380 3364 1694 3446 propositio
1737 3364 1798 3422 in
1842 3366 1975 3442 Bajo
2007 3362 2279 3420 damnata

205 3460 307 3509 est.
359 3452 566 3511 Veram
621 3466 789 3535 porro
839 3458 957 3518 fore
997 3458 1146 3517 hanc
1183 3459 1299 3536 Baji
1351 3459 1800 3539 propositionem
1839 3459 1902 3516 in
1937 3455 2275 3539 hypothesi,

207 3543 360 3624 quod
390 3546 655 3606 omnibus
683 3549 956 3610 darentur
989 3554 1179 3632 gratiae
1216 3551 1558 3611 sufficientes
1585 3597 1600 3627 7
1631 3553 1712 3611 ita
1755 3553 2054 3612 conficitur
2086 3573 2099 3607 ε
2131 3543 2281 3607 Illud

144 3645 147 3649 ’
206 3637 411 3700 saltem
440 3640 718 3703 indirecte
747 3645 1016 3707 vincibile
1048 3657 1111 3705 et
1144 3645 1807 3727 culpabile'censendum
1847 3657 1967 3720 est,
2009 3642 2166 3725 quod
2193 3652 2280 3702 est
