2540 4074
363 228 439 287 16
856 254 858 256 ’
903 244 907 251 '
999 238 1002 241 ’
1131 242 1324 295 macr.
1370 256 1440 294 nn
1483 225 1711 297 canni

362 395 419 452 S.
454 392 702 453 Jacobus
723 439 739 470 .,
767 397 825 470 Ι,
860 395 932 454 17
966 416 980 452 :
1018 397 1207 455 Omne
1246 398 1457 457 datum
1485 403 1780 477 optimum
1819 410 1874 459 et
1898 403 2314 487 omne-donum
2335 423 2468 482 per-

355 493 583 567 fectum
620 490 931 549 desursum
966 500 1048 548 est
1073 534 1091 564 ‚
1123 492 1471 551 descendens
1510 513 1551 551 a
1580 493 1766 553 Patre
1786 496 2117 573 luminum.
2461 510 2466 516 ’

443 584 544 642 29.
589 586 723 643 Non
745 583 922 642 alium
942 605 1116 664 porro
1130 584 1304 644 fuisse
1325 586 1584 645 Ecclesiae
1610 607 1845 648 sensum
1862 635 1878 664 2
1908 590 2220 673 multiplici
2241 592 2469 652 ratione

362 689 561 760 patet,
597 678 742 758 quin
777 677 1112 757 singillatim
1150 681 1392 737 Patrum
1430 681 1761 742 testimonia
1794 683 2080 745 adducere
2121 685 2457 746 debeamus.

365 775 444 832 Ac
476 773 664 858 primo
693 794 764 831 ex
792 773 916 854 ipsa
946 773 1152 853 agendi
1176 774 1399 833 ratione
1435 774 1648 854 Pelagii
1675 821 1690 850 ,
1731 778 1830 858 qui
1852 822 1868 854 ,
1910 800 2044 839 cum
2083 781 2340 861 primum
2369 782 2465 839 in-

363 887 581 926 novare
620 865 921 948 quidpiam
957 868 1103 926 circa
1137 868 1295 927 hunc
1335 868 1643 928 articulum
1677 871 1835 930 nisus
1872 885 1957 933 est
1977 920 1992 949 ‚
2026 876 2316 935 catholicis
2350 876 2470 934 for-

364 961 539 1020 mulis
570 961 835 1021 haeresim
863 985 1029 1021 suam
1066 975 1261 1042 tegere
1300 964 1605 1023 contendit
1631 1010 1646 1040 ⁷
1684 986 1794 1024 nec
1819 967 1929 1026 nisi
1959 968 2240 1050 ambiguis
2278 969 2472 1031 verbis

363 1057 653 1118 vafritiem
683 1080 847 1116 suam
870 1059 1179 1140 propinare
1207 1080 1378 1117 ausus
1408 1070 1495 1118 est
1518 1060 1631 1142 (1).-
1662 1061 2080 1140 Argumentum
2120 1065 2293 1143 igitur
2339 1064 2470 1125 ine-

363 1151 636 1212 luctabile
665 1165 751 1212 est
770 1198 786 1228 ‚
814 1157 1162 1212 contrariam
1187 1153 1362 1234 plane
1395 1153 1720 1213 doctrinam
1737 1156 1799 1213 in
1827 1156 2072 1218 Ecclesia
2089 1159 2355 1238 viguisse.
2385 1161 2469 1218 Ex

364 1266 434 1307 eo
449 1258 723 1329 praeterea
745 1260 970 1307 constat
991 1294 1005 1322 ,
1033 1247 1190 1330 quod
1206 1247 1457 1307 simulac
1482 1250 1739 1331 Episcopi
1765 1251 2036 1332 suspicati
2064 1263 2201 1310 sunt
2220 1298 2236 1326 .,
2261 1253 2472 1332 dogma

366 1342 711 1401 catholicum
749 1342 820 1402 de
857 1344 1053 1422 gratiae
1091 1343 1429 1402 necessitate
1458 1365 1488 1402 a
1529 1344 1756 1424 Pelagio
1780 1347 1998 1426 appeti,
2031 1346 2182 1406 illico
2210 1347 2470 1429 undique

368 1438 429 1494 in
445 1437 694 1495 Concilia
719 1450 990 1496 coeuntes
1008 1439 1071 1495 in
1093 1437 1468 1497 heresiarchae
1485 1437 2206 1521 docti-inaminquisierint‚
2223 1462 2467 1522 eamque

364 1533 852 1614 proscripserint3
897 1554 1004 1592 nec
1044 1532 1213 1591 aliter
1253 1531 1439 1593 valuit
1494 1533 1753 1612 Pelagius
1796 1533 2185 1594 damnationis
2232 1547 2472 1595 senten-

365 1629 510 1686 tiam
554 1626 802 1706 effugere
831 1675 846 1703 .,
890 1651 1062 1710 quam
1093 1625 1457 1708 repudiando
1491 1627 1795 1707 (quamvis
1831 1628 2075 1688 subdole
2114 1629 2176 1686 id
2211 1630 2468 1708 fecerit).J

367 1722 642 1781 articulos
669 1744 835 1784 novae
875 1723 1184 1798 doctrinae,
1221 1721 1322 1802 qui
1344 1720 1454 1801 ipsi
1481 1719 1980 1780 adscribebantur.
2015 1723 2208 1781 Tertio
2235 1722 2476 1782 tandem

365 1815 546 1898 liquet
587 1840 656 1876 ex
697 1840 763 1877 eo
791 1864 806 1892 .,
838 1816 994 1900 quod
1015 1864 1030 1892 .,
1057 1817 1280 1876 detecta
1309 1814 1510 1873 fraude
1536 1827 1594 1873 et
1623 1817 1783 1873 omni
1812 1815 2186 1896 ambiguitate
2209 1817 2436 1876 sublata
2456 1863 2473 1895 Ἃ

366 1912 439 1971 ab
466 1914 736 1974 universa
749 1914 994 1972 Ecclesia
1011 1912 1330 1994 proscripta
1346 1909 1519 1967 fuerit
1535 1931 1685 1969 nova
1704 1909 1965 1968 doctrina
2002 1921 2282 1992 tanquam
2295 1911 2477 1970 haere-

364 2008 475 2066 tica
492 2009 596 2088 (2).
620 2010 767 2067 Sane
791 2018 917 2066 tum
941 2009 997 2066 S.
1032 2007 1419 2084 Hieronymus
1448 2048 1464 2076 ,
1490 2003 1590 2084 qui
1614 2005 1877 2062 omnium
1902 2005 2123 2085 primus
2147 2006 2208 2063 in
2237 2026 2476 2064 arenam

368 2101 668 2162 descendit
683 2103 959 2164 adversus
986 2101 1318 2179 Pelagianos
1339 2144 1354 2173 7
1372 2118 1435 2156 ac
1452 2097 1722 2179 deinceps
1739 2099 1795 2157 S.
1822 2100 2173 2179 Augustinus
2191 2110 2475 2181 tanquam

366 2198 428 2255 in
460 2220 748 2259 novarum
785 2219 981 2257 rerum
1033 2206 1295 2254 auctores
1338 2214 1403 2251 ac
1441 2192 1711 2251 haeretica
1757 2192 2026 2272 dogmata
2074 2205 2330 2254 serentes
2379 2194 2478 2253 in-

366 2306 765 2354 surrexerunt.
797 2290 1210 2353 praescribebat
1230 2290 1403 2370 igitur
1425 2287 1685 2348 Ecclesiae
1711 2289 2004 2348 catholicae
2034 2288 2294 2350 doctrina
2319 2289 2476 2350 hisce

366 2387 864 2451 innovationibus.
2332 2374 2337 2379 ⁴

450 2484 548 2544 30.
597 2488 847 2546 Demum
880 2495 1132 2565 systema
1180 2481 1555 2561 Pelagianum
1589 2482 1736 2540 ratio
1786 2482 2105 2563 theologica
2147 2480 2365 2563 duplici
2398 2501 2471 2540 ex

439 2666 501 2728 (1)
540 2664 639 2714 Hac
652 2666 825 2713 ratione
848 2665 1008 2713 fefellit
1024 2662 1267 2730 Synodum
1288 2661 1380 2709 Pa·

367 2748 592 2796 laestinam
612 2784 626 2807 ,
669 2748 782 2796 dum
821 2746 948 2795 aliud
991 2755 1166 2794 teneret
1191 2780 1207 2808 ,
1252 2743 1379 2792 aliud

369 2831 691 2895 profiteretur3
733 2846 873 2895 quare
899 2827 1135 2876 absolutus
1167 2826 1380 2874 dimissus

369 2923 455 2961 est.
491 2911 647 2960 Postea
679 2921 868 2970 tamen,
901 2909 1059 2957 fraude
1091 2908 1296 2970 detecta,
1333 2916 1380 2955 et

370 2995 537 3042 iterum
578 3003 624 3042 ct
661 2995 820 3058 saepius
872 2991 1118 3039 damnatus
1163 2999 1246 3038 est.
1291 2988 1378 3036 Hic

372 3075 607 3123 observare
637 3077 833 3140 juverit,
867 3073 1100 3122 haereticos
1139 3074 1248 3137 ipsis
1285 3072 1377 3119 suis

370 3156 745 3205 innovationibus
804 3157 1124 3204 testimonium
1186 3153 1377 3202 reddere

370 3240 504 3285 avitae
531 3237 668 3296 fidei,
700 3253 803 3302 quae
828 3247 932 3285 ante
954 3239 1076 3301 ipsos
1102 3238 1153 3284 in
1178 3235 1378 3284 Ecclesia

373 3318 601 3381 obtinuit3
619 3319 730 3366 dum
746 3319 872 3366 enim
889 3308 1082 3366 numero
1096 3318 1231 3383 pauci
1248 3327 1376 3375 sunt,

371 3401 560 3448 nonnisi
585 3400 746 3448 timide
772 3409 912 3465 atque
941 3409 1210 3448 cunctanter
1244 3401 1378 3448 novi-

371 3491 485 3530 tates
503 3498 606 3530 suas
627 3482 824 3529 incautis
846 3481 1093 3545 propinant
1110 3481 1258 3536 verbis
1278 3499 1378 3530 am-

371 3563 524 3629 biguis
553 3572 689 3628 atque
711 3562 770 3610 ad
797 3562 1052 3610 fallendum
1082 3565 1344 3627 compositis
1363 3600 1376 3623 ‚

372 3647 437 3693 ita
455 3654 513 3693 ut'
528 3647 676 3710 ipsam
701 3643 971 3692 catholicam
995 3642 1244 3692 doctrinam
1273 3661 1381 3709 pro·

373 3726 492 3776 fiteri
513 3727 772 3776 videantur.
799 3723 954 3790 Quum
971 3741 1163 3775 numero
1186 3725 1381 3775 validio-

1463 2677 1533 2708 res
1562 2661 1682 2708 fiunt
1696 2695 1714 2723 ,
1739 2660 1914 2709 larvam
1940 2660 2208 2726 deponunt,
2235 2676 2288 2708 ac
2316 2656 2471 2724 palam

1463 2742 1671 2810 haeresim
1712 2743 1928 2807 detegunt
1945 2779 1959 2803 ‚
2005 2760 2148 2808 quam
2195 2742 2376 2808 jamdiu
2420 2744 2470 2790 in

1463 2827 1617 2872 animo
1667 2824 1997 2888 condiderant;
2050 2826 2112 2871 ita
2158 2841 2204 2873 se
2247 2841 2295 2872 se
2340 2827 2472 2889 gessit

1463 2905 1598 2954 Arius
1614 2942 1628 2966 ,
1653 2909 1717 2954 ita
1745 2905 2000 2964 Nestorius,
2025 2906 2253 2972 ceterique
2281 2921 2467 2965 omnes,

1463 3006 1572 3037 cum
1604 2996 1822 3036 constans
1843 2988 1939 3036 haec
1968 2989 2025 3035 sit
2046 3004 2203 3035 eorum
2229 3003 2316 3035 ars.

1527 3070 1593 3133 (2)
1630 3068 1683 3117 Id
1704 3079 1880 3118 constat
1908 3085 1965 3118 ex
1996 3068 2202 3117 Concilio
2237 3068 2467 3133 Ephesino

1462 3154 1743 3201 oecumenico
1762 3189 1775 3213 ‚
1819 3151 1945 3217 quod
1983 3168 2085 3199 can.
2129 3169 2178 3200 ιν
2230 3151 2470 3200 damnavit

1462 3236 1710 3283 sentientes
1741 3250 1850 3282 cnm
1892 3232 2098 3282 Nestorio
2144 3243 2189 3281 et
2229 3232 2467 3291 Caelestio‚

1461 3315 1584 3381 apud
1613 3315 1759 3363 Hard.
1792 3325 1903 3363 tom.
1931 3331 1980 3375 1,
2013 3315 2104 3363 col.
2139 3311 2265 3362 1623
2286 3351 2300 3375 ‚
2348 3322 2390 3363 et
2414 3329 2468 3361 ex

1466 3406 1530 3446 tot
1566 3394 1857 3463 Synodorum
1887 3395 2234 3462 particularium
2254 3430 2268 3456 ,
2299 3411 2354 3443 ac
2375 3393 2469 3441 Ro-

1464 3496 1707 3528 manorum
1722 3477 2001 3526 Pontificum
2020 3478 2211 3526 decretis
2229 3513 2242 3536 ‚
2266 3474 2367 3522 latis
2387 3474 2472 3521 ad-

1463 3578 1619 3610 versus
1629 3557 1838 3609 eamdem
1848 3559 2187 3624 pelagianorum
2199 3557 2448 3605 doctrinam
2457 3591 2472 3614 ,

1465 3644 1522 3693 de
1551 3643 1719 3710 quibus
1751 3642 1837 3691 cfr.
1855 3709 1857 3711 ι
1877 3643 2002 3690 citati
2030 3649 2232 3689 auctores
2255 3638 2337 3704 qui
2367 3637 2471 3684 scri·

1469 3735 1659 3792 pserunt
1686 3724 1745 3775 de
1774 3723 2014 3790 Pelagiana
2037 3721 2208 3771 haeresi.
