2430 4056
956 244 1152 282 TRACT.
1196 243 1265 283 lm
1306 244 1535 285 GRATIA.

199 228 313 289 154

193 392 536 470 nonjubetg
576 381 680 447 sed
684 385 956 463 jubendo
994 395 1217 458 monet,
1249 394 1304 442 et
1327 387 1529 463 faeere
1569 387 1732 466 quod
1761 391 1982 465 possis,
2015 396 2070 445 et
2092 397 2287 465 petere

193 487 354 567 quod
377 507 495 544 non
518 487 709 562 possis
736 523 759 553 ,
798 491 854 539 et
874 481 1127 558 adjuvat
1159 489 1230 537 ut
1248 484 1438 556 possis
1472 481 1582 562 (l).
1614 480 1750 547 Ideo
1774 493 1970 541 autem
2001 479 2288 541 sufficiens

195 580 434 650 dicitur,
472 576 606 658 quia
654 573 729 634 a'd
771 572 1081 632 discrimen
1128 571 1371 632 efficacis
1413 573 1683 635 effectum
1725 585 1857 635 non'
1896 575 2137 636 sortitur
2155 567 2177 651 ,³
2214 575 2288 635 ad

194 693 363 754 quem
399 670 568 728 datur
596 714 613 743 ,
653 689 725 728 ex
758 667 1029 726 humanae
1063 666 1378 727 voluntatis
1403 667 1728 731 resistentia
1759 716 1774 747 ,
1803 693 1905 731 seu
1929 693 2000 732 ex
2033 670 2288 730 hominis

193 767 377 846 culpa.
430 767 640 824 Praeter
692 765 1009 825 Novato'res
1050 807 1066 834 ,
1125 761 1351 822 nnllam
1403 762 1833 827 admittendam
1876 788 1999 828 esse
2043 767 2291 848 gratiam

191 860 569 919 sufficientem
602 904 618 934 .,
656 858 1003 918 Jansenistae
1043 857 1252 943 docent
1272 903 1288 934 ·.
1316 869 1382 916 ut
1414 857 1676 941 superius
1707 857 1956 922 diaimus
1986 908 2003 938 .,
2033 861 2142 922 etsi
2166 882 2293 923 ver-

190 955 276 1013 bis
302 955 375 1013 ad
404 953 718 1014 fallendum
742 954 1069 1035 compositis
1096 964 1355 1012 utantur.
1388 956 1541 1012 Dum
1566 956 1726 1014 enim
1752 958 1996 1036 gratiam
2019 978 2290 1035 parvam

191 1050 638 1123 commendant.
676 1071 850 1131 quam
894 1048 1279 1106 sufficientem
1328 1049 1507 1108 etiam
1541 1050 1844 1111 interdum
1880 1061 2092 1113 vocant
2115 1096 2131 1125 ‚
2170 1072 2293 1109 non

191 1146 514 1226 significant
538 1144 647 1202 nisi
688 1144 928 1223 gratiam
983 1142 1364 1202 sufficientem
1398 1191 1414 1221 ‚
1453 1167 1583 1226 quae
1620 1145 1751 1205 talis
1785 1148 1863 1205 sit
1883 1190 1905 1218 ,
1943 1157 2008 1205 ut
2035 1145 2291 1227 loquun-

190 1249 287 1297 tur
308 1283 324 1312 ‚
355 1241 608 1297 absolute
628 1284 643 1312 a
681 1260 801 1296 non
829 1249 1026 1297 autem
1054 1243 1294 1296 relative
1316 1238 1391 1297 ad
1421 1239 1665 1318 subjecti
1692 1242 2192 1316 circumstantias3
2225 1262 2292 1300 ac

191 1344 494 1413 propterea
534 1332 915 1392 sufficientem
940 1333 1177 1391 nomine
1200 1332 1556 1410 admittunt,
1594 1337 1784 1420 reipsa
1806 1336 2026 1396 tollunt
2059 1335 2165 1417 (2).
2202 1335 2292 1395 Ad

189 1426 343 1485 hunc
371 1439 677 1509 propterea
701 1427 1123 1487 eliminandum
1146 1450 1408 1488 errorem
1428 1476 1444 1504 7
1470 1431 1545 1489 sit

257 1620 318 1681 (l)
356 1618 470 1668 Sess.
507 1637 591 1679 vr,
628 1638 732 1685 cap.
774 1636 852 1669 11.

258 1704 325 1763 (⁶2.)
360 1702 455 1749 Csr.
501 1702 757 1767 Dechamps
791 1739 805 1761 ‚
864 1704 942 1767 qui
1000 1700 1188 1750 Hoeres.

189 1783 331 1832 Jans.
379 1784 462 1832 lib.
498 1802 552 1842 1,
594 1786 709 1849 disp.
751 1802 860 1848 vm,
909 1785 988 1831 De
1030 1785 1192 1848 qratia

186 1865 465 1930 sufficienti,
486 1883 588 1931 cap.
615 1882 657 1928 1,
677 1867 901 1926 ostendit,
919 1866 1189 1914 Jansenium

190 1965 371 1995 omnem
410 1951 594 2011 gratiam
630 1948 932 1996 sufficientem
966 1949 1187 2012 rejecisse.

194 2027 313 2075 Sane
346 2028 586 2077 Jansenius
607 2030 814 2078 inscribit
844 2048 943 2096 cap.
972 2030 1000 2077 3
1029 2028 1133 2077 libri
1159 2031 1187 2078 3

192 2109 270 2156 De
293 2113 449 2172 qratia
464 2110 642 2159 Sal-vat.
669 2112 830 2179 Quam
846 2120 1107 2160 monstrosa
1127 2112 1193 2158 sit

186 2194 343 2255 qratia
372 2194 620 2258 sufficiens·
645 2195 759 2259 Cap.
788 2211 817 2242 2
846 2196 1041 2244 ostendit
1069 2193 1187 2242 ibid.

188 2273 445 2339 Dechainps
464 2313 476 2333 ‚
494 2276 614 2324 hanc
638 2278 894 2326 doctrinam
914 2277 939 2324 J
945 2278 1190 2325 ansenium

190 2354 522 2420 deprompsisse
539 2377 564 2406 a
590 2359 920 2408 recentioribus
949 2360 1188 2407 haereticis.

190 2437 298 2502 Cap.
316 2437 344 2485 3
366 2442 549 2500 evincit,
568 2452 834 2506 argumenta
852 2478 865 2498 ‚
880 2435 1053 2507 ¹quibus
1071 2441 1190 2490 Jan-

192 2521 345 2567 senius
376 2521 565 2584 probare
596 2523 790 2583 nititur,
827 2524 1006 2573 nullam
1038 2525 1191 2572 hocin

192 2610 310 2648 statu
352 2607 540 2665 gratiam
578 2605 745 2653 effectu
783 2624 864 2654 suo
905 2623 1089 2666 carere,
1139 2625 1193 2654 ex

192 2681 417 2730 haereticis
446 2685 667 2749 descripta
702 2703 816 2742 esse,
852 2687 1092 2736 Interdum
1123 2698 1192 2735 ta-

194 2780 302 2811 men
331 2750 420 2811 tam
460 2765 706 2814 Jansenius
731 2787 870 2833 quam
889 2772 986 2834 ejus
1015 2770 1195 2817 asseclae

193 2848 379 2907 gratiam
397 2863 599 2911 parvam
617 2849 674 2897 ab
704 2851 812 2914 ipsis
831 2850 1074 2898 admissam
1100 2869 1195 2898 non

195 2926 496 2990 dedignantur
526 2947 681 2978 vocare
715 2931 1020 2996 sufficientem
1040 2967 1055 2992 ‚
1101 2950 1197 2980 non

197 3017 416 3070 quatenus
441 3012 583 3074 reipsa
613 3012 808 3060 sufficiat
827 3014 896 3061 ad
916 3013 1153 3078 aqendum
1181 3052 1194 3074 ‚

199 3087 277 3134 sed
301 3096 478 3137 tantum
514 3093 571 3139 ad
594 3092 621 3140 J
626 3097 896 3143 ansenianos
925 3097 1120 3145 tuendos
1140 3097 1197 3144 ab

200 3169 335 3215 armis
365 3170 753 3238 adversariorume,
791 3186 960 3242 atque,
997 3188 1050 3226 ut
1078 3196 1198 3227 non-

202 3249 317 3296 nulli
351 3251 471 3299 inter
504 3254 623 3317 ipsos
660 3257 914 3323 loquuntur
937 3295 953 3323 ‚
985 3262 1199 3326 quamvis

200 3346 280 3393 per
299 3346 526 3380 summam
553 3337 765 3401 injuriam
786 3378 800 3399 ‚
818 3352 981 3389 vocant
1008 3344 1199 3408 gratiam

199 3410 413 3476 sufficien
424 3415 576 3464 {emin
588 3433 728 3467 semu
751 3418 1056 3472 Themistico.
1075 3422 1201 3489 Qua-

200 3503 381 3558 propter
411 3495 598 3561 quidam
631 3501 902 3564 professores
940 3503 1202 3554 Duacenses

201 3573 462 3626 scribebant
487 3578 545 3628 ad
569 3577 821 3632 Arnaldum
856 3601 873 3633 ε
907 3584 1082 3636 Gratia
1093 3602 1202 3636 sus-

1269 1621 1444 1684 siciens
1465 1621 1830 1672 Themistonem
1846 1633 1914 1672 est
1930 1624 2081 1673 veluti
2093 1622 2289 1683 nebula,

1274 1704 1332 1750 in
1355 1706 1496 1769 cujus
1525 1707 1642 1752 sinu
1670 1705 1897 1771 mysteria
1931 1707 2105 1770 qratioe
2132 1704 2293 1754 obvol-

1272 1795 1470 1835 vuntur.
1512 1788 1571 1834 Sa·
1594 1786 1678 1834 illa
1705 1805 1804 1836 non
1839 1788 2014 1854 suffic-it
2039 1787 2106 1835 ad
2134 1803 2282 1852 ayen-

1272 1866 1415 1924 dum,
1447 1868 1620 1934 sufficit
1658 1869 1723 1916 ad
1763 1887 1849 1918 nos
1876 1869 2074 1918 tuendos
2101 1869 2162 1917 ab
2199 1886 2281 1917 ar-

1274 1950 1367 1995 mis
1392 1949 1797 2001 adversariorum.
1830 1951 1886 2000 Et
1913 1951 1974 2000 D.
2004 1952 2060 1999 de
2079 1950 2272 2017 Lygny‚

1272 2029 1439 2095 Epist.
1473 2031 1510 2078 V
1533 2031 1724 2097 Augusti
1759 2035 1923 2098 scripta
1950 2050 2071 2080 anno
2098 2030 2222 2098 1690
2262 2048 2276 2079 :

1273 2110 1473 2160 Necesse
1509 2122 1609 2171 est,
1645 2117 1830 2181 inquit,
1862 2116 1939 2162 uti
1971 2130 2080 2162 voce
2107 2114 2283 2179 qratioe

1272 2194 1549 2258 sufficientis
1595 2197 1653 2243 in
1698 2213 1841 2244 sensu
1879 2195 2143 2244 thomistico
2161 2232 2174 2255 ‚
2217 2194 2284 2242 ad

1273 2275 1407 2324 illius
1420 2278 1669 2326 Societatis
1694 2277 2020 2344 effecqiendum
2034 2279 2283 2343 impetum,

1272 2375 1378 2422 quae
1408 2361 1560 2407 nescit
1579 2377 1797 2425 parcere.
1828 2361 1900 2408 En
1928 2362 2071 2426 ipsius
2099 2360 2236 2409 verba
2266 2375 2281 2407 ι

1276 2441 1338 2489 Je
1367 2441 1468 2489 suis
1503 2443 1742 2509 persuade
1781 2460 1871 2508 que
1907 2442 1963 2505 la!
1988 2443 2130 2508 qrdce
2160 2442 2284 2507 suffi-

1274 2532 1410 2571 sante
1450 2524 1530 2571 des
1565 2525 1834 2573 Themi-stes
1876 2532 1945 2573 est
1971 2540 2064 2572 une
2095 2525 2281 2587 aotti8e3

1275 2607 1541 2672 cependant
1564 2607 1606 2656 il
1629 2626 1703 2656 me
1732 2607 1902 2656 semble
1920 2646 1933 2668 ‚
1962 2624 2140 2655 comme
2170 2623 2287 2655 vous

1276 2687 1567 2754 l'enseiqnez
1595 2692 1884 2739 vous-meme
1901 2690 1919 2754 (
1935 2690 2106 2739 scilicet
2133 2688 2291 2737 Arnai-

1278 2771 1365 2821 dus
1391 2773 1450 2819 ad
1481 2789 1623 2838 quem
1648 2773 1830 2835 scribit)
1853 2809 1866 2833 ‚
1889 2769 2008 2837 qu’il
2032 2779 2100 2819 est
2128 2774 2288 2819 neces-

1278 2855 1404 2902 saire
1429 2853 1486 2902 de
1512 2871 1561 2902 se
1588 2854 1740 2902 servir
1765 2854 1822 2902 de
1856 2871 1907 2902 ce
1937 2861 2034 2902 mot
2055 2853 2124 2905 de.
2144 2853 2286 2918 qrdce

1278 2934 1518 3000 snffisante
1531 2953 1597 2983 au
1609 2952 1716 2983 sens
1736 2935 1818 2983 des
1846 2936 2112 2984 Thomistes
2131 2968 2148 2996 ,
2162 2950 2291 2999 pour

1279 3019 1426 3065 enitar
1448 3016 1496 3065 la
1510 3018 1816 3083 persecution
1837 3018 1892 3065 de
1913 3018 1961 3066 la
1985 3018 2154 3067 societ&
2183 3017 2284 3064 vin·

1280 3099 1506 3148 dicative.
1545 3099 1644 3149 Csr.
1685 3100 1757 3148 Le
1787 3100 2008 3149 veritable
2041 3101 2188 3166 esprit
2212 3098 2291 3146 des
2342 3088 2346 3099 ⁸
2426 3073 2430 3086 Ι

1280 3197 1534 3230 nouveauoe
1558 3182 1782 3249 disciples
1814 3183 1870 3232 de
1903 3179 1963 3232 S.
1997 3179 2253 3249 Anqustin
2270 3217 2288 3243 ,

1281 3262 1519 3312 Bruxelies
1573 3262 1736 3330 1706,
1775 3275 1893 3317 tom.
1948 3283 1999 3326 1,
2038 3280 2082 3315 lx
2127 3264 2287 3324 lettre,

1282 3361 1386 3409 pag.
1429 3343 1527 3394 228
1561 3356 1606 3394 et
1647 3362 1781 3413 seqq.
1823 3349 1904 3396 ubi
1930 3346 2065 3414 plura
2089 3347 2180 3396 alia
2207 3346 2293 3395 do-

1283 3432 1503 3475 cumenta
1548 3428 1775 3493 ejusmodi
1828 3431 2143 3480 inveniuntur.
2194 3427 2293 3478 cfr.

1284 3511 1422 3559 etiam
1453 3507 1612 3557 Leetre
1646 3527 1728 3558 vni
1753 3510 1820 3560 du
1838 3513 1898 3563 R.
1921 3512 1984 3561 P.
2015 3511 2209 3561 Daniel
2228 3527 2317 3560 au.

1288 3590 1350 3640 R.
1383 3591 1452 3640 P.
1484 3590 1776 3641 Alexandro.
