2430 4056
2059 192 2170 250 199

431 219 587 255 mar.
637 218 675 253 1.
720 215 839 253 car.
879 213 940 251 v.
976 185 1054 249 'na
1137 213 1352 251 ana-rm
1393 211 1834 251 ms‘ramumonn.

108 355 507 416 adnotavimus
529 400 545 429 .,
579 352 766 413 nullas
798 350 922 409 dari
953 353 1158 430 gratias
1187 352 1647 433 supernaturales
1684 351 1914 434 proprie
1940 351 2120 412 dictas
2143 399 2159 428 ,

107 472 206 509 seu
235 451 407 524 etiam
436 452 662 524 ratione
690 447 833 524 finis
855 456 989 504 ante
1019 447 1375 510 vocationem
1413 445 1489 505 ad
1521 445 1696 505 fidem
1715 490 1730 519 ‚
1770 445 2169 527 undecumque

105 542 228 602 haec
249 541 324 602 ad
347 539 522 600 fidem
547 539 766 599 vocatio
796 539 1097 620 proveniat
1114 585 1130 614 .,
1161 539 1282 599 sive
1306 561 1376 600 ex
1403 539 1593 600 medio
1622 549 1860 600 externo
1893 539 2169 623 praedica-

106 637 276 696 tionis
294 681 310 711 ,
341 632 459 696 sive
486 652 559 693 ex
582 632 773 692 medio
803 633 1033 692 interno
1058 628 1452 693 illustrationis
1486 634 1956 716 supernaturalis,
1983 635 2171 708 Quare

106 730 299 810 gratiae
319 726 390 787 de
417 723 621 808 quibus
658 728 876 808 agimus
897 770 921 798 ,
959 738 1016 786 et
1059 748 1201 806 quas
1244 727 1600 787 ostendimus
1642 727 1766 786 dari
1803 726 2174 802 infidelibuS.,

105 833 241 883 sunt
275 822 464 902 gratiae
493 819 858 880 medicinales
881 865 898 894 ‚
931 819 1139 902 quibus
1177 818 1357 898 adjuti
1395 819 1654 880 infideles
1706 833 1943 901 possunt
1987 819 2174 880 adim-

34 930 36 933 ’
103 915 262 998 plere
299 915 483 995 legem
529 914 852 974 naturalem
880 936 945 974 ac
994 914 1225 974 vincere
1261 912 1624 973 difficultates
1645 959 1660 987 a
1693 935 1823 994 quae
1863 912 2049 973 eidem
2078 912 2179 973 ob-

103 1009 406 1070 servanti'ae
443 1007 853 1082 adversantur3
899 1029 1070 1089 opera
1094 1019 1288 1066 autem
1326 1006 1537 1066 horum
1566 1007 2039 1085 adjumentorum
2068 1005 2177 1089 ope

102 1115 267 1185 parta
304 1103 456 1161 intra
483 1102 746 1162 ordinem
771 1101 998 1161 moralis
1040 1100 1354 1160 honestatis
1404 1101 1792 1160 continentur.
1839 1102 1940 1159 His
1981 1113 2175 1161 autem

103 1197 294 1276 gratiis
329 1197 376 1255 si
415 1195 674 1255 infideles
698 1195 1084 1276 obsequantur
1103 1239 1118 1268 .‚
1151 1199 1368 1273 majora
1407 1193 1488 1253 eis
1516 1194 1765 1254 subsidia
1791 1195 2137 1273 adjiciuntur
2155 1242 2171 1270 ‚

101 1289 282 1350 donec
310 1291 463 1350 Deus
501 1312 572 1350 ex
608 1291 850 1369 gratuita
884 1310 983 1347 sua
1019 1287 1403 1347 misericordia
1431 1301 1596 1348 vocet
1623 1311 1717 1348 eos
1747 1288 1821 1347 ad
1858 1290 2034 1348 finem
2064 1312 2171 1348 su-

101 1384 534 1466 pernaturalem
555 1405 659 1464 per
678 1384 906 1442 initium
927 1381 1096 1452 fidei,
1132 1382 1251 1443 sive
1278 1403 1384 1462 per
1414 1382 1677 1442 homines
1705 1382 1907 1442 adhoc
1933 1385 2130 1444 missos
2149 1429 2176 1457 ,

101 1478 222 1538 sive
258 1499 362 1559 per
397 1476 689 1556 Angelum
707 1522 723 1552 Ἰ
758 1477 878 1538 sive
910 1476 1150 1534 interius
1171 1497 1277 1556 per
1298 1498 1358 1535 se
1378 1521 1396 1549 ,
1428 1477 1548 1537 sive
1571 1478 1770 1558 quavis
1796 1477 1904 1536 alia
1931 1479 2176 1553 ratione,

101 1581 277 1652 prout
303 1571 355 1630 ei
378 1570 598 1629 bonum
628 1571 818 1631 visum
847 1570 1037 1629 fuerit.
1074 1571 1199 1642 Quo
1227 1582 1488 1651 spectant
1515 1571 1692 1631 verba
1713 1617 1729 1646 ,
1761 1593 1888 1653 quae
1918 1573 2180 1654 superius

104 1664 404 1724 retulimus
432 1686 501 1723 ex
531 1665 588 1722 S.
624 1664 841 1722 Thoma
862 1708 877 1738 ‚
913 1665 1121 1743 Quoest.
1157 1665 1333 1737 XIV,
1363 1666 1450 1725 De
1490 1671 1656 1724 verit.
1697 1678 1805 1725 art.
1845 1667 1952 1739 XI,
1989 1666 2062 1725 ad
2096 1667 2124 1724 1
2162 1689 2175 1725 ε

104 1761 177 1817 Si
206 1763 427 1837 aliquis
463 1761 661 1817 taliter
690 1762 958 1816 nutritus
985 1803 1001 1831 7
1046 1769 1157 1817 etc.
1191 1758 1299 1839 (l).
1340 1760 1526 1840 Atque
1561 1759 1697 1820 hinc
1732 1762 1940 1819 rectius
1965 1760 2184 1820 intelli-

106 1853 262 1931 gitur
288 1874 456 1913 verus
488 1873 685 1911 sensus
712 1852 868 1911 effati
893 1851 1229 1932 theologici,
1261 1853 1333 1912 de
1360 1876 1473 1935 quo
1502 1856 1762 1937 superius
1785 1856 2001 1936 egimus
2025 1877 2040 1914 ε
2068 1856 2179 1915 Fa-

103 1950 282 2006 aienti
290 1988 312 2017 ,
355 1946 516 2024 quod
550 1950 618 2003 in
661 1967 717 2004 se
758 1957 840 2004 est
859 1989 880 2018 ,
901 1947 1085 2005 *Deus
1126 1967 1247 2004 non
1287 1949 1535 2027 deneyat
1565 1953 1850 2028 qratiam.

182 2173 244 2237 (1)
281 2170 451 2221 Eadem
503 2172 670 2233 habet,
724 2171 902 2220 Contra
965 2172 1106 2221 Gent.

113 2254 198 2302 lib.
229 2270 280 2300 111
304 2291 317 2313 ‚
343 2271 447 2319 cap.
488 2251 580 2318 159
598 2290 612 2311 ‚
640 2253 721 2301 ubi
742 2254 897 2301 scribit
926 2270 940 2301 z
973 2253 1110 2301 Licet

113 2333 290 2397 aliquis
307 2350 400 2399 per
426 2342 602 2380 motam
634 2332 775 2381 liberi
800 2333 997 2380 arbitrii
1031 2332 1108 2380 di-

113 2416 279 2463 vinam
308 2415 512 2479 qratiam
536 2429 623 2461 nec
642 2415 907 2478 promereri
928 2430 1013 2460 nec
1028 2430 1108 2461 ac-

113 2493 297 2560 qu‘irere
314 2497 467 2560 possit
482 2532 495 2555 ,
527 2502 680 2559 potest
705 2502 862 2541 tamen
880 2510 928 2541 se
951 2496 1110 2559 ipsam

116 2575 348 2641 impedire
370 2592 430 2623 ne
444 2575 558 2624 ‘eam
582 2577 798 2641 recipiat.
812 2610 845 2623 ..
881 2574 1006 2623 Cum
1022 2576 1106 2623 hoc

114 2658 180 2704 sit
201 2657 254 2703 in
278 2664 503 2726 potestate
528 2656 668 2704 liberi
705 2656 928 2717 arbitrii,
957 2658 1108 2721 impe-

115 2737 218 2784 dire
257 2735 437 2786 divinae
465 2725 635 2801 qratiae
663 2737 966 2801 receptionem
987 2771 1003 2793 ,
1040 2734 1112 2784 vel

116 2833 213 2864 non
242 2815 503 2881 impedire,
534 2833 631 2864 non
661 2819 894 2864 immerito
916 2819 971 2864 in
1005 2816 1109 2864 cul-

107 2914 224 2963 pam
258 2893 521 2961 imputatur
546 2899 595 2944 ei
612 2934 626 2957 ‚
669 2899 755 2962 qai
795 2897 1108 2962 impedimen-

114 2987 216 3026 tum
243 2986 443 3043 prm-stat
481 2978 646 3041 qratioe
684 2980 957 3044 receptioni.
1002 2978 1108 3028 Jam

116 3076 222 3108 vero
241 3075 334 3123 qua
356 3062 532 3106 ratione
557 3069 707 3124 posset
723 3060 863 3107 homo
888 3062 975 3108 nisi
1006 3078 1108 3124 gra-

117 3142 179 3188 tia
193 3139 448 3188 medicinali
465 3141 647 3206 adjutus
665 3138 766 3188 haec
784 3141 1108 3205 impedimenta

117 3217 308 3268 tollere?
336 3217 513 3269 Similia
553 3220 719 3280 habet,
757 3219 826 3268 In
861 3238 897 3268 11
935 3221 1103 3284 Sem„

117 3301 220 3349 dist.
263 3317 406 3350 xxvm
429 3336 443 3360 ,
487 3312 567 3350 art.
606 3301 676 3366 43
720 3320 870 3368 neque
902 3321 1106 3369 unquam

114 3385 388 3431 contrarium
421 3382 608 3444 docuit,
648 3393 701 3432 ut
734 3384 946 3432 nonnulli
970 3395 1107 3432 autu-

115 3474 271 3523 mant,
302 3480 355 3512 eo
380 3464 504 3530 quod
541 3480 597 3525 1,
633 3480 679 3524 2,
711 3482 761 3531 q.
808 3480 935 3531 109,
969 3482 1012 3515 a.
1036 3463 1104 3530 6,

115 3544 171 3592 ad
206 3561 265 3604 2,
298 3545 523 3612 ejusmodi
562 3545 752 3595 effatum
795 3547 1107 3612 theologicum

117 3635 346 3690 exponat,
374 3626 432 3674 de
464 3627 654 3675 faciente
674 3627 796 3693 quod
816 3630 864 3676 in
893 3643 946 3677 se'
971 3639 1109 3679 estex

1190 2173 1361 2222 viribus
1391 2179 1547 2240 gratiae
1580 2193 1593 2225 τ
1621 2175 1692 2224 Et
1716 2177 1820 2225 ideo
1854 2193 1965 2225 cum
1991 2178 2191 2241 dicitur,

1188 2257 1343 2321 inquit
1366 2293 1379 2316 ,
1429 2256 1563 2305 homo
1587 2258 1745 2321 facere
1785 2257 1910 2322 quod
1942 2259 1998 2305 in
2029 2276 2077 2306 se
2101 2267 2196 2320 est,

1189 2336 1368 2383 dicitur
1386 2374 1398 2394 ‚
1460 2337 1545 2385 hoc
1608 2347 1675 2385 est
1722 2341 1778 2385 in
1820 2346 2044 2404 potestate
2108 2340 2192 2386 ho-

1189 2417 1340 2463 minis
1379 2418 1640 2465 secundum
1685 2418 1811 2482 quod
1859 2427 1927 2466 est
1968 2427 2123 2466 motus
2160 2437 2193 2468 a

1190 2495 1297 2544 Deo
1313 2513 1334 2558 ‚·
1366 2498 1431 2545 ibi
1459 2501 1579 2546 enim
1617 2500 1823 2564 loquitur
1850 2499 1898 2546 S.
1942 2499 2108 2547 Doctor
2137 2501 2195 2548 de

1191 2581 1518 2642 praeparatione
1548 2580 1604 2627 ad
1621 2582 1805 2643 gratiam
1835 2581 2194 2629 sanctificantem

1191 2675 1270 2705 seu
1286 2659 1344 2706 ad
1362 2661 1753 2723 justificationem.
1772 2659 1844 2707 En
1860 2670 2028 2708 statum
2045 2678 2193 2726 quaes-

1190 2741 1356 2797 tionis,
1394 2757 1532 2805 quem
1558 2743 1653 2804 ipse
1683 2738 1879 2788 declarat
1926 2744 1973 2788 in
2011 2758 2196 2805 corpore

1192 2820 1370 2868 articuli
1406 2837 1420 2867 ε
1461 2819 1659 2885 Duplex
1694 2829 1796 2881 est,
1834 2823 1987 2885 inquit
2012 2858 2025 2880 ‚
2062 2837 2191 2885 proe-

1181 2903 1374 2967 paratio
1400 2900 1657 2949 voluntatis
1672 2901 1895 2949 humanm
1914 2901 1978 2949 ad
1996 2900 2189 2951 bonum.

1199 2981 1314 3031 Una
1351 2981 1540 3047 quidem
1581 2982 1644 3029 ad
1670 2981 1783 3029 hene
1822 2982 2110 3047 operandum
2147 2990 2194 3030 et

1187 3063 1253 3110 ad
1282 3062 1389 3110 Deo
1417 3062 1680 3126 fruendam
1694 3081 1715 3119 ‚·
1743 3070 1787 3110 et
1814 3071 1970 3110 tamen
1998 3079 2188 3127 proepa-

1186 3145 1310 3192 ratio
1336 3143 1588 3191 voluntatis
1617 3158 1715 3190 non
1749 3151 1903 3208 potest
1930 3144 2046 3207 fieri
2085 3145 2190 3192 aine

1188 3222 1424 3273 habituali
1449 3224 1619 3288 qratiae
1638 3222 1758 3272 dono
1780 3261 1793 3284 ‚
1828 3224 1953 3289 qaod
1974 3218 2192 3290 sitjarin-

1186 3307 1371 3370 cipium
1407 3306 1563 3371 operis
1610 3307 1850 3354 meritorii
1861 3326 1881 3363 ,ς
1925 3305 2021 3355 alio
2058 3306 2194 3354 modo

1177 3394 1332 3454 potest
1373 3385 1582 3451 intelliqi
1605 3388 1901 3453 praeparatio
1935 3386 2192 3436 voluntatis

1185 3467 1415 3515 humanm
1435 3467 1501 3515 ad
1511 3468 1888 3533 consequendum
1904 3470 2061 3534 ipsum
2079 3484 2192 3532 qra—

1187 3550 1266 3597 tioe
1292 3547 1550 3597 habitualis
1574 3549 1750 3598 donum
1762 3569 1783 3609 ;
1813 3549 1880 3598 ad
1896 3549 1982 3599 hoo
1998 3557 2153 3599 autem
2173 3583 2190 3610 ‚

1187 3629 1312 3695 quod
1337 3638 1577 3696 proeparet
1602 3645 1652 3679 se
1681 3630 1817 3681 homo
1843 3630 1910 3680 ad
1932 3628 2188 3696 susceptio-
