2430 4056
338 170 494 209 mar.
539 172 580 207 1.
625 170 749 208 cAr.
792 167 873 210 ιν.
920 168 990 204 nn
1030 167 1256 205 NATURA
1296 168 1363 204 m*
1407 166 1575 206 n1v1S.
1625 136 1791 203 cau.
1839 165 1958 203 Ero.
2106 144 2223 205 145

209 311 346 371 317.
392 309 679 372 Facillime
706 308 957 389 denique
980 306 1089 366 sibi
1123 296 1401 369 videntur
1436 308 1709 390 expedire
1732 329 1793 367 se
1820 328 1987 390 posse
2011 306 2094 367 ‚ab
2130 331 2226 369 ar-

130 406 418 487 gumentis
443 403 713 509 prolatis?
741 403 937 484 petitis
977 424 1190 485 nempe
1220 424 1252 461 a
1279 402 1541 462 dominio
1573 403 1679 483 Dei
1709 423 1886 481 super
1914 413 2224 463 creaturas,

130 502 275 574 Quia
325 501 372 560 si
423 499 544 558 haec
595 497 743 555 ratio
798 496 1059 571 valeret,
1119 496 1306 556 multo
1368 497 1549 576 magis
1610 495 1978 556 admittenda
2030 508 2228 557 essent

129 596 339 678 placita
370 591 840 653 Calvinianorum
872 601 931 650 et
960 591 1455 664 Jansenistarum;
1490 611 1624 649 cum
1672 591 1736 649 in
1771 592 2015 650 istorum
2039 590 2228 674 hypo-

129 690 279 750 thesi
305 687 483 766 magis
512 686 734 745 eluceat
756 684 1038 793 ejusmodi
1077 685 1438 758 dominium,
1477 696 1537 744 et
1575 684 1673 746 vel
1716 679 1840 767 ipsa
1873 684 2043 745 liberi
2075 686 2235 746 arbi-

129 784 233 863 trii
252 803 318 842 ac
338 781 744 840 indifferentiae
773 782 1011 840 nomina
1052 779 1463 853 eliminentur
1495 779 1653 860 quod
1674 801 1848 839 nemo
1874 791 2071 840 tamen
2098 804 2236 863 pru-

129 877 274 937 dens
318 875 603 936 admittet.
665 878 936 935 Ceterum
979 896 1101 934 non
1148 874 1343 932 minus
1402 872 1627 931 solliciti
1666 895 1788 933 esse
1828 874 2106 936 debemus
2157 878 2234 938 de

128 969 461 1030 extollendo
483 971 587 1029 Dei
614 969 902 1046 dominio,
936 990 1111 1050 quam
1137 966 1210 1026 de
1234 978 1387 1025 sarta
1413 977 1680 1047 tectaque
1716 967 1822 1025 sub
1857 968 1984 1048 ipso
2011 971 2234 1031 tuenda

124 1064 377 1124 hominis
402 1063 693 1138 libertate3
727 1086 902 1146 quam
926 1062 998 1122 de
1024 1061 1138 1120 fide
1159 1072 1246 1120 est
1264 1061 1551 1141 integram
1569 1061 1631 1119 in
1653 1059 1891 1120 homine
1914 1061 2021 1120 sub
2049 1066 2234 1143 gratia

124 1179 517 1241 perseverare.
559 1159 784 1218 Falsam
824 1166 1399 1240 praetereaasserunt
1445 1165 1594 1214 esset
1638 1155 2031 1216 humilitatem
2059 1203 2075 1232 ,
2107 1180 2234 1239 quae

126 1276 248 1313 non
280 1255 557 1313 consistat
578 1254 641 1311 in
667 1253 913 1314 veritate
941 1277 958 1325 3
990 1273 1057 1310 eo
1089 1250 1269 1330 magis
1312 1249 1469 1331 quod
1501 1260 1560 1309 et
1595 1252 1913 1310 Novatores
1932 1251 2083 1311 hanc
2114 1254 2236 1313 hu-

123 1334 433 1408 militatem
477 1348 892 1429 praetexuerint
927 1345 1002 1405 ad
1034 1368 1165 1405 suos
1193 1366 1414 1404 errores
1444 1346 1591 1403 circa
1627 1346 1872 1425 gratiam
1908 1349 2234 1428 propinan-

121 1443 246 1503 dos,
281 1442 468 1502 Verba
485 1441 725 1501 demum
747 1443 803 1500 S.
825 1441 989 1500 Pauli
1012 1462 1026 1499 ι
1071 1442 1237 1521 Quid
1257 1441 1431 1499 habes
1449 1485 1465 1515 ‚
1498 1451 1606 1499 eto.
1642 1442 1704 1498 in
1732 1463 2097 1523 quocumque
2122 1466 2238 1524 sys-

127 1549 345 1598 temate
374 1537 653 1596 catholico
700 1537 997 1597 verissima
1030 1547 1167 1594 sunt
1201 1581 1216 1610 a
1259 1557 1391 1594 cum
1428 1557 1630 1593 omnes
1675 1536 2061 1616 profiteantur
2104 1559 2240 1599 cum

117 1629 386 1691 ¹Ecclesiae
431 1631 693 1692 doctrina
721 1678 738 1707 ,Ι
762 1630 993 1690 nullum
1033 1652 1177 1712 opus
1210 1630 1462 1690 salutare
1508 1651 1699 1712 neque
1742 1631 1933 1712 operis
1969 1631 2238 1692 salutaris

124 1727 361 1786 initium
410 1724 614 1785 haberi
649 1736 749 1785 aut
782 1726 1003 1808 concipi
1036 1747 1204 1807 posse
1243 1724 1463 1807 absque
1506 1725 1761 1784 subsidio
1788 1726 1980 1805 gratiae
2015 1749 2232 1809 praeve-

126 1821 341 1880 nientis
376 1830 435 1880 et
475 1820 798 1880 excitantis.
1637 1839 1640 1842 ⁴

1099 1987 1135 2066 g
1175 1989 1248 2044 11.

701 2123 966 2202 Systema
1005 2122 1683 2204 Auqustinianensium.

214 2283 353 2342 318.
401 2283 951 2363 Augustinianenses
976 2285 1170 2363 gratiae
1196 2284 1509 2344 efficaciam
1543 2285 1834 2366 explicant
1856 2307 1960 2366 per
1993 2287 2236 2350 delecta-

0 2416 12 2462 Ι
134 2380 357 2438 tionem
380 2377 722 2452 coelestem3
762 2399 887 2460 quae
926 2379 976 2437 si
1001 2377 1226 2457 fulgens
1268 2390 1328 2438 et
1372 2379 1581 2439 ardens
1630 2380 1837 2456 fuerit,
1879 2386 2100 2441 victrix·
2138 2407 2235 2445 seu

0 2478 4 2555 Ι
132 2474 332 2551 efficaci
352 2482 618 2532 censetur
638 2518 653 2547 7
678 2474 768 2531 sin
786 2473 1024 2533 remissa
1044 2518 1060 2547 ‚
1088 2474 1383 2551 sufficiens
1406 2484 1639 2532 tantum
1660 2474 1876 2535 habere
1902 2476 2093 2538 debet.
2138 2482 2241 2541 Se-

62 2610 66 2613 l
135 2554 275 2614 dulo
301 2565 498 2614 autem
527 2553 813 2616 adnotant
843 2599 860 2629 ,
901 2575 962 2613 se
990 2555 1053 2613 in
1083 2575 1150 2613 eo
1190 2554 1422 2615 differre
1459 2577 1491 2614 a
1531 2557 1565 2614 J
1571 2557 1896 2615 ansenianis
1917 2603 1935 2633 ‚
1966 2560 2120 2639 quod
2150 2564 2242 2622 isti

48 2700 50 2702 v
138 2649 322 2710 velint
348 2651 642 2712 victricem
670 2652 910 2731 gratiam
934 2649 1207 2711 inducere
1233 2657 1631 2711 necessitatem
1651 2698 1667 2727 ‚
1710 2665 1912 2713 contra
1949 2676 2089 2715 vero
2132 2660 2244 2740 ipsi

136 2744 299 2804 illam
327 2747 712 2824 infallibilem
736 2746 975 2829 quidem
1001 2791 1017 2821 ‚
1045 2757 1104 2805 at
1127 2768 1249 2806 non
1276 2752 1677 2807 necessarium
1700 2747 1971 2809 effectum
2007 2753 2241 2833 gignere

137 2842 451 2901 affirment.

129 2962 132 2967 ·
209 2935 358 2996 319.
404 2938 506 2995 Ast
539 2923 915 2997 moraliterne
958 2958 1034 2996 an
1064 2937 1297 3019 physice
1335 2936 1638 2998 delectatio
1679 2939 2000 2998 istiusmodi
2039 2942 2155 3020 agit
2181 2943 2243 3002 in

139 3030 442 3105 hominem
462 3077 479 3105 a
520 3034 760 3114 ejusque
804 3030 1032 3092 obtinet
1070 3032 1464 3093 consensum?
1499 3033 1736 3113 Physice
1774 3046 2101 3115 reponunt,
2135 3037 2242 3096 sal-

139 3137 260 3185 tem
285 3124 631 3186 recentiores
649 3170 674 3199 ,
703 3127 751 3186 si
784 3147 975 3187 sermo
1012 3127 1089 3186 sit
1130 3127 1203 3188 de
1243 3139 1398 3187 statu
1435 3139 1657 3187 naturae
1686 3127 1861 3209 lapsae
1894 3154 1910 3202 ς
1946 3130 2246 3193 moraliter

138 3291 243 3355 tion
253 3287 496 3355 pastorale
519 3288 577 3337 de
593 3290 943 3355 Momeiqneur
956 3288 1151 3338 l‘arohe-
1236 3290 1301 3340 les
1321 3291 1619 3339 Jansbnistes
1643 3308 1702 3340 en
1720 3293 1828 3357 fimt
1842 3331 1855 3355 ‚
1883 3302 1927 3341 et
1944 3291 2248 3360 l'opposition

139 3370 290 3435 vesque
328 3370 385 3418 de
417 3369 648 3419 Cambrai
675 3372 913 3437 (Fenelon
936 3372 950 3434 )
971 3410 983 3431 ,
1018 3371 1156 3420 Cam·
1238 3373 1297 3421 de
1325 3373 1428 3421 leur
1458 3373 1670 3423 doctrine
1699 3376 1729 3423 ὰ
1766 3375 1877 3431 celle
1901 3377 1982 3424 des
2023 3377 2249 3427 Thomis-

137 3452 274 3515 brai,
311 3450 438 3519 1714
458 3489 472 3512 ‚
506 3454 701 3519 seconde
724 3456 869 3519 partie
888 3492 901 3514 ,
946 3454 1051 3519 Qui
1078 3470 1159 3502 ex-
1241 3464 1321 3503 tes.
1346 3455 1497 3504 Lente
1524 3474 1585 3505 ιιι
1605 3493 1618 3518 ,
1653 3454 1759 3506 Sur
1792 3457 1840 3505 la
1865 3461 2134 3526 premotion
2168 3461 2249 3510 des

48 3549 51 3555 ·
132 3533 304 3600 plique
362 3532 426 3582 les
475 3536 776 3601 principcmat
831 3552 1056 3601 ouvraqea
1107 3535 1162 3583 de
1255 3537 1540 3588 Thomistes.

130 3614 196 3682 ,S-
222 3614 475 3681 Auqustin
506 3633 594 3665 sur
625 3617 672 3665 la
690 3618 862 3682 qrdce,
897 3617 1050 3667 l’abus
1078 3634 1169 3683 que

306 3696 373 3755 Τ.
422 3698 488 3759 V.
1338 3670 1375 3704 ⁴·
1934 3703 2016 3760 10>
