2430 4056
210 194 326 264 284
959 220 1151 263 TnAcr.
1199 224 1268 261 mi
1311 224 1537 262 cumn.

1088 413 1324 473 CAPUT
1366 415 1408 472 1.
1473 384 1476 385 ἢ

1052 621 1431 661 PRAENOTIONES
1438 646 1450 658 .

212 801 503 876 Doctrina
573 796 850 856 Ecclesicc
949 791 1247 850 catholicoe
1329 799 1386 847 et
1498 788 1912 869 Theoloqorum
1994 793 2316 869 opiniones

1003 890 1164 946 circa
1206 889 1509 943 meritum.

292 1098 429 1157 624.
477 1095 811 1155 Doctrinam
854 1090 1191 1150 catholicam
1233 1089 1306 1149 de
1348 1087 1638 1147 bonorum
1682 1108 1926 1168 operum
1969 1090 2175 1148 merito
2204 1088 2295 1147 his

211 1191 400 1252 verbis
434 1190 706 1271 proponit
748 1185 1066 1245 Concilium
1108 1185 1366 1245 Trident.
1403 1205 1541 1242 sess,
1577 1183 1651 1240 VI
1676 1227 1691 1255 ‚
1737 1203 1861 1263 cap.
1899 1182 2037 1242 XVI
2080 1204 2094 1240 :
2143 1185 2300 1242 Bene

210 1286 627 1364 operantibus,
652 1287 920 1360 usquein
938 1282 1146 1357 finem,
1176 1290 1229 1360 et
1258 1284 1322 1336 in
1352 1279 1474 1336 Deo
1493 1278 1897 1355 sperantibus,
1920 1276 2303 1355 proponenda

209 1393 292 1440 est
320 1365 450 1439 'vita
493 1390 710 1439 oeterna
735 1420 755 1448 ‚
798 1387 854 1435 et
904 1387 1189 1454 tanquam
1242 1378 1446 1454 qratia
1477 1374 1628 1449 filiis
1670 1374 1788 1431 Dei
1826 1393 1944 1451 per
1997 1371 2302 1432 Christum

208 1477 414 1534 Jesum
457 1473 915 1531 misericorditer
951 1475 1283 1547 promissa,
1324 1479 1378 1525 et
1413 1478 1703 1545 tanquam
1737 1487 1963 1524 merces
1999 1487 2070 1523 ea·
2112 1469 2302 1543 ipsius

208 1569 325 1626 Dei
345 1571 735 1645 promissione
759 1567 927 1623 bonis
952 1567 1226 1642 ipsorum
1249 1563 1523 1640 operibus
1561 1571 1614 1618 et
1643 1565 1867 1619 meritis
1883 1560 2141 1637 fideliter
2163 1559 2300 1617 red—

209 1663 488 1719 denda...
525 1662 676 1719 Cum
699 1662 860 1716 enim
889 1660 984 1715 ille
1021 1662 1145 1735 ipse
1179 1657 1449 1716 Christus
1468 1657 1641 1714 Jesus
1659 1697 1677 1725 ,
1707 1665 1999 1733 tanquam
2026 1663 2208 1731 caput
2232 1655 2302 1709 in

208 1757 510 1826 membra,
546 1766 601 1811 et
634 1765 921 1831 tanquam
955 1747 1094 1810 vitis
1119 1755 1183 1808 in
1208 1754 1522 1830 palmites,
1564 1755 1634 1807 in
1664 1754 1818 1828 ipsos
1832 1749 2299 1826 justificatosju-

200 1854 358 1927 yz'ter
397 1852 675 1907 virtutem
716 1848 972 1924 influat,
1019 1868 1150 1924 quoe
1195 1851 1387 1903 virtus
1425 1846 1579 1903 bona
1616 1866 1818 1903 eorum
1863 1864 2035 1923 opera
2074 1861 2303 1921 semper

207 1946 498 2002 antecedit
541 1954 595 2001 et
626 1948 936 2001 comitatur
971 1951 1023 1998 et
1067 1942 1477 2018 subsequitur,
1516 1949 1570 1996 et
1611 1944 1737 1996 sine
1778 1960 1900 2016 qua
1930 1939 2090 1995 nullo
2123 1946 2294 2013 pacto

208 2040 329 2097 Deo
359 2049 539 2117 qrata
568 2049 622 2095 et
664 2040 971 2094 meritoria
1007 2056 1119 2093 esse
1149 2044 1412 2111 possent3
1451 2034 1611 2090 nibil
1636 2036 1782 2110 ipsis
1799 2032 2153 2109 justificatis
2173 2051 2297 2088 am-

196 2137 367 2209 plius
395 2134 572 2190 deesse
595 2131 949 2189 credendum
974 2140 1055 2186 est
1075 2171 1095 2199 ,
1135 2130 1450 2206 quominus
1471 2128 1640 2204 plene
1675 2127 1800 2184 illis
1832 2126 2071 2204 quidem
2103 2128 2298 2202 operi-

207 2226 354 2297 bus,
395 2248 525 2304 quoe
561 2230 628 2282 in
656 2226 778 2282 Deo
802 2234 947 2280 sunt
969 2226 1134 2299 facta
1160 2264 1180 2291 ,
1218 2223 1441 2278 divinoe
1474 2222 1590 2298 leyi
1613 2241 1731 2297 pro
1761 2221 1941 2296 hujus
1966 2223 2099 2276 vitoe
2132 2228 2293 2276 statu

204 2323 589 2396 satisfecisse,
634 2328 689 2375 et
714 2320 890 2374 vitam
923 2327 1206 2372 aeternam
1232 2336 1337 2372 suo
1369 2318 1549 2371 etiam
1579 2324 1863 2392 tempore,
1897 2317 1952 2371 si
1995 2323 2190 2371 tamen
2223 2317 2292 2371 in

197 2419 404 2492 qratia
446 2415 787 2471 decesserint
813 2453 834 2482 ,
883 2410 1384 2487 consequendam,
1422 2429 1550 2465 vere
1594 2411 1988 2485 promeruisse
2027 2428 2290 2466 censean-

205 2519 346 2567 tur..
382 2508 537 2567 ‚Ita
592 2527 774 2584 neque
821 2508 1080 2583 propria
1124 2513 1326 2560 nostra
1355 2507 1612 2580 justitia
1676 2513 1966 2580 tanquam
2017 2523 2087 2559 ea·
2124 2502 2290 2560 nobis

193 2607 451 2681 propria
476 2605 797 2671 statuitur,
827 2620 1013 2676 neque
1035 2604 1352 2677 ignoratur
1372 2608 1482 2654 aut
1516 2597 1880 2675 repudiatur
1878 2600 2129 2672 justitia
2153 2598 2286 2654 Dei.

209 2698 350 2775 Quae
382 2717 543 2753 enim
551 2698 802 2772 justitia
829 2703 1030 2750 nostra
1054 2694 1319 2763 dicitur,
1349 2696 1497 2770 quia
1509 2711 1625 2769 per
1651 2711 1782 2748 eam
1803 2691 1970 2747 nobis
1993 2690 2291 2749 inhaeren-

204 2800 316 2847 tem
327 2790 747 2868 justificamur
760 2829 783 2858 ,
831 2789 940 2844 illa
964 2788 1164 2845 eadem
1205 2788 1322 2845 Dei
1341 2796 1449 2856 est,
1491 2788 1638 2863 quia
1661 2806 1699 2842 a
1720 2785 1842 2843 Deo
1876 2785 2042 2843 nobis
2072 2787 2291 2862 infun-

203 2885 376 2941 ditur
411 2905 523 2963 per
562 2887 783 2941 Christi
815 2884 1118 2939 meritum.
1154 2881 1358 2959 Neque
1392 2901 1523 2938 vero
1544 2880 1715 2937 illud
1749 2879 2143 2953 omittendum
2162 2889 2246 2954 est
2264 2922 2288 2951 ,

204 2980 380 3055 quod,
404 2980 535 3037 licet
548 2980 714 3036 bonis
732 2977 1004 3056 operibus
1018 2980 1086 3034 in
1106 2977 1308 3033 Sacris
1321 2975 1561 3034 Litteris
1579 2995 1759 3053 usque
1779 2976 1919 3032 adeo
1941 2976 2253 3032 tribuatur
2268 3019 2284 3045 ,

207 3081 278 3127 ut
295 3077 510 3143 etiam,
538 3076 650 3151 qui
672 3075 789 3130 uni
809 3092 878 3128 ea
906 3073 1178 3129 minimis
1196 3074 1321 3128 suis
1333 3079 1546 3148 potum
1571 3091 1742 3148 aquae
1762 3070 2007 3148 friqidoe
2029 3065 2288 3141 dederit,

196 3170 515 3244 promittat
547 3167 856 3237 Christus,
899 3187 1032 3223 eum
1062 3186 1180 3222 non
1214 3186 1327 3222 esse
1365 3186 1479 3222 sua
1507 3166 1767 3223 mercede
1806 3167 2200 3234 cariturum,
2239 3173 2293 3222 et

206 3259 512 3338 Apostolus
552 3271 816 3331 testetur,
863 3261 969 3332 id,
1005 3260 1164 3339 quod
1196 3264 1265 3316 in
1295 3262 1580 3338 praesenti
1622 3269 1703 3316 est
1732 3269 2202 3317 momentaneum
2239 3267 2292 3316 et

206 3356 322 3413 leve
347 3356 749 3413 tribulationis
781 3365 993 3413 nostroe
1006 3398 1029 3427 ,
1061 3375 1248 3434 supra
1277 3355 1561 3412 modum
1532 3375 1598 3411 in
1615 3355 1974 3413 sublimitate
1998 3364 2287 3412 aeternum

198 3450 408 3528 ylorioe
439 3450 678 3528 pondus
715 3453 961 3528 voperari
996 3454 1061 3507 in
1092 3450 1258 3507 nobis
1281 3491 1303 3519 ,
1350 3449 1511 3506 absit
1542 3458 1777 3519 tamen,
1819 3459 1888 3506 ut
1916 3449 2284 3507 christianus

207 3544 373 3602 bomo
401 3547 470 3601 in
501 3564 557 3601 se
582 3545 708 3622 ipso
741 3549 828 3601 vel
861 3544 1146 3621 confidat,
1182 3544 1271 3600 vel
1288 3544 1604 3622 qlorietur,
1633 3553 1686 3602 et
1727 3563 1845 3601 non
1878 3546 1949 3601 in
1979 3545 2237 3602 Domino
2263 3562 2287 3606 ,-

205 3641 380 3714 cujus
407 3646 578 3696 tanta
602 3646 686 3695 est
711 3658 851 3715 erqa
882 3657 1078 3697 omnes
1106 3637 1367 3696 homines
1391 3637 1651 3721 bonitas,
1678 3648 1748 3696 ut
1781 3658 1984 3697 eorum
2007 3637 2142 3695 velit
2172 3655 2286 3694 esse
