2430 4056
898 236 901 238 ’
960 233 1151 270 TRAGT.
1198 232 1266 268 lm
1310 230 1538 270 GRATIA.

207 215 325 273 216

208 390 335 438 tam
359 379 640 458 parvulis
673 394 857 452 qnam
901 374 1124 431 adultis
1158 370 1421 450 conferri
1447 377 1528 431 rin
1561 375 1854 452 baptismo
1894 377 2165 452 qratiam
2207 380 2297 434 in-

205 477 563 552 formantem
656 478 713 526 et
766 472 1013 539 virtutes
1034 509 1057 538 ,
1127 465 1419 544 tanquam
1465 469 1938 551 probabiliorem
2010 478 2064 525 et
2126 468 2301 543 dietis

215 568 564 626 Sanctorum
579 564 969 622 etDootoriom
999 561 1424 619 modernorum
1445 561 1736 642 theologice
1751 566 1945 640 mayis
1982 582 2303 621 consonam

218 673 272 719 et
311 658 650 717 concordem
679 701 696 729 a
757 676 926 713 sacro
974 655 1341 733 approbante
1402 657 1690 729 Concilio,
1727 658 2034 717 duximus
2086 658 2302 737 eliqen-

216 756 360 812 dam
384 752 494 830 (l).
528 750 593 807 50
625 751 828 808 Utrum
851 749 1254 830 dispositiones
1275 795 1290 823 ‚
1320 770 1448 829 quae
1472 749 1534 807 in
1559 749 1769 809 adultis
1804 750 1878 810 ad
1901 751 2144 830 gratiam
2167 772 2304 809 san-

209 847 556 906 ctificantem
590 845 1009 926 assequendam
1049 845 1431 926 requiruntur
1460 888 1476 918 ,
1515 864 1715 903 veram
1739 847 1930 904 meriti
1955 892 1970 920 ,
2001 845 2209 905 saltem
2234 847 2303 904 de

212 961 506 1020 oonyrzw,
552 941 835 999 rationem
878 939 1134 998 habeant
1159 983 1175 1013 7
1211 960 1391 1019 eoque
1434 939 1674 997 nomine
1719 938 2002 1019 designari
2039 942 2298 1022 possint,

209 1056 316 1094 nec
337 1056 412 1093 ne
430 1038 456 1092 ἲ
494 1034 557 1091 60
581 1036 792 1098 Utrum
822 1033 894 1092 ad
922 1044 1115 1092 actum
1157 1033 1467 1092 salutarem
1489 1035 1967 1092 constituendam
1991 1047 2049 1093 et
2077 1034 2301 1094 elicien-

212 1131 352 1189 dum
373 1175 388 1205 ,
432 1140 643 1209 praeter
674 1129 915 1208 gratiam
937 1129 1391 1187 sanctificantem
1410 1173 1426 1200 ,
1454 1128 1630 1205 etiam
1653 1127 1716 1184 in
1741 1127 2086 1188 facilioribus
2109 1174 2124 1205 ‚
2158 1151 2302 1211 opus

211 1226 284 1284 sit
323 1225 501 1304 gratia
536 1223 744 1281 actuali
771 1268 786 1296 ,
822 1234 888 1280 ut
919 1222 1369 1304 supernaturalis
1403 1222 1513 1281 dici
1552 1223 1734 1304 possit
1755 1223 1783 1279 Ρ

290 1319 408 1377 474
478 1320 593 1376 Has
635 1339 774 1378 vero
817 1317 1071 1399 aliasque
1110 1340 1230 1376 non
1286 1339 1493 1399 paucas
1527 1318 1873 1398 quaestiones
1901 1363 1916 1393 .,
1962 1319 2008 1377 si
2051 1320 2302 1400 primam

214 1400 459 1494 excipias
485 1457 502 1488 ,
547 1412 620 1470 de
660 1433 771 1492 qua
820 1412 961 1493 quid
999 1412 1166 1471 nobis
1211 1412 1574 1471 verisimilius
1624 1412 1893 1474 videatur
1939 1414 2299 1495 aperiemuS‚

210 1519 414 1588 utpote
439 1508 629 1565 minus
657 1507 1002 1565 necessarias
1033 1508 1560 1589 praetermittimUS‚
1600 1519 1667 1566 ut
1702 1508 2065 1588 dogmatibus
2100 1510 2301 1569 catho-

206 1604 329 1663 licis
347 1602 575 1661 tuendis
591 1602 942 1660 insistamus
967 1603 1112 1661 Cum
1127 1602 1370 1684 proinde
1382 1615 1446 1661 ut
1460 1602 1731 1677 diximUS,
1746 1604 1923 1682 gratia
1941 1605 2301 1684 sanctificans

209 1698 307 1755 illa
345 1699 452 1770 sit,
484 1719 596 1777 qua
634 1696 807 1754 homo
843 1697 1189 1773 justificatur
1226 1709 1285 1756 et
1326 1719 1506 1779 capax
1548 1698 1793 1757 efficitur
1830 1697 2096 1758 eliciendi
2128 1720 2302 1781 opera

204 1792 496 1851 meritoria
527 1792 657 1851 vitae
684 1802 912 1850 aeternae
932 1837 946 1865 7
975 1790 1134 1873 prius
1162 1792 1255 1850 hic
1285 1792 1356 1850 de
1379 1794 1790 1870 justificatione
1825 1815 2091 1873 agemuS,
2121 1796 2302 1854 acturi

205 1888 266 1945 in
296 1887 463 1946 tertia
501 1885 669 1963 hujus
708 1896 982 1945 tractatus
1012 1898 1179 1968 parte
1210 1886 1281 1945 de
1314 1888 1542 1946 merite.

1009 2109 1012 2112 ·
1078 2078 1314 2138 CAPUT
1359 2082 1427 2136 II.

846 2251 936 2286 ·DE
980 2248 1425 2288 JUSTIFICATIONE
1468 2252 1629 2287 IMPH.

282 2389 425 2451 475.
470 2392 855 2471 Quaecumque
892 2389 967 2447 ad
1000 2391 1164 2471 impii
1194 2392 1669 2467 justificationem
1706 2405 2008 2475 spectant,
2044 2398 2300 2460 revocari

206 2496 450 2566 possunt
486 2485 582 2544 vel
609 2484 683 2544 ad
717 2484 970 2563 ejusdem
1002 2486 1426 2563 justificationis
1467 2499 1769 2566 naturam,
1813 2491 1907 2552 vel
1948 2490 2022 2550 ad
2048 2491 2299 2574 disposi-

203 2580 423 2653 tiones⁷
455 2601 584 2660 quae
626 2579 700 2637 ad
742 2601 870 2638 eam
912 2580 1344 2661 adipiscendam
1370 2583 1785 2664 requiruntur,
1828 2585 1922 2646 Vel
1961 2585 2201 2646 demum
2228 2587 2302 2647 ad

203 2677 323 2749 ejus
357 2674 755 2755 proprietates
799 2677 907 2734 Per
936 2686 1129 2756 partes
1161 2697 1290 2736 rem
1320 2688 1505 2735 totam
1549 2678 1965 2760 expendemUS.

269 2864 472 2926 (l)Cf1·.
531 2866 642 2913 Act.
699 2864 886 2913 Concil.
943 2865 1200 2920 Harduini..

197 2955 310 2993 tom.
344 2961 411 2993 vn
432 2983 445 3005 ,
478 2946 568 2995 col.
610 2945 749 3012 1359.
795 2946 945 2995 Placet
976 2950 1200 3012 integrum

1285 2868 1539 2934 Baptismo
1586 2873 1875 2934 remittitur,
1919 2882 1965 2922 et
2011 2876 2206 2923 virtutes
2233 2892 2289 2924 ao

1285 2950 1555 3013 informans
1582 2955 1743 3016 qratia
1788 2955 2118 3019 infundantur
2133 2957 2290 3021 quoad

201 3026 430 3074 decretum
445 3028 613 3076 referre
632 3066 645 3090 ‚
667 3039 718 3075 ut
732 3029 895 3076 melius
909 3038 1061 3093 pateat
1076 3029 1201 3078 Con-

203 3107 294 3154 cilii
316 3125 460 3156 mens.
481 3108 698 3174 Exposita
725 3111 933 3159 doctrina
956 3111 1013 3159 de
1043 3128 1199 3160 neces-

202 3191 329 3236 sitate
346 3188 565 3254 Baptismi
597 3192 655 3239 ad
682 3192 876 3241 salutem
895 3229 908 3251 ‚
928 3196 989 3241 ita
1020 3187 1197 3258 pergit:

205 3267 264 3315 V
259 3286 393 3317 erum
421 3280 650 3335 quantum
676 3273 741 3320 ad
765 3276 979 3340 effectum
1006 3275 1200 3340 (Baptis-

197 3351 330 3415 mi),
356 3368 465 3399 oum
503 3353 728 3419 Theoloqi
761 3358 924 3404 varias
951 3359 1198 3422 opiniones

195 3431 403 3481 habeant
426 3450 440 3480 ε
463 3434 680 3483 videlicet
705 3437 979 3485 dicentibus.
1000 3438 1198 3503 quibus·
1220 3505 1223 3507 Β

194 3512 304 3560 dam
328 3551 341 3574 ‚
371 3514 599 3579 parvulis
641 3510 828 3582 cuipam
874 3521 1078 3582 remitti,
1115 3520 1199 3568 sed

196 3610 392 3642 annun
417 3613 501 3644 non
537 3613 779 3661 connuuu3
819 3601 932 3649 aliis
968 3619 992 3649 e
1030 3610 1195 3651 contra

201 3677 541 3739 asserentibus,
577 3680 702 3743 quod
716 3689 760 3728 et
785 3681 925 3748 culpa
945 3682 1120 3730 eisdem
1139 3683 1194 3729 in

1283 3031 1499 3080 habitum
1514 3069 1531 3093 ,
1560 3035 1651 3081 etsi
1680 3051 1780 3083 non
1806 3053 1897 3102 pro
1937 3037 2019 3085 illo
2053 3046 2255 3103 tempore
2273 3075 2286 3098 ‚

1283 3114 1439 3176 quoad
1479 3131 1621 3163 nsum
1654 3153 1668 3177 ,
1722 3133 1808 3165 nos
1861 3119 2153 3166 attendentes
2203 3137 2286 3183 qe-

1281 3195 1492 3243 neralem
1539 3199 1796 3263 efficaciam
1857 3202 2020 3248 mortis
2065 3199 2284 3259 Christi,

1279 3293 1386 3340 quoe
1399 3295 1492 3342 per
1519 3279 1776 3345 Baptisma
1806 3281 2080 3348 applicatur
2098 3285 2289 3349 pariter

1279 3359 1498 3407 omnibus
1528 3360 1791 3426 baptizatis
1813 3399 1827 3426 ‚
1866 3379 2103 3412 ommonem
2129 3381 2287 3412 sacun-

1277 3458 1368 3489 nau
1384 3480 1400 3505 ,
1429 3454 1535 3514 quoe
1560 3442 1709 3504 dicit,
1738 3456 1827 3496 etc.
1852 3448 1917 3495 Ex
1942 3447 2111 3514 quibus
2140 3454 2281 3512 patet,

1276 3525 1434 3571 minus
1453 3523 1738 3574 conformem
1753 3529 1900 3577 videri
1927 3526 2283 3590 mentisConcilii

1276 3606 1692 3674 interpretationem
1720 3610 1863 3668 modo
1899 3611 2084 3659 allatam
2108 3626 2133 3656 a
2163 3607 2279 3656 Sua-

1274 3701 1409 3732 rezro.
