2430 4056
167 162 287 222 268

917 182 1110 220 'rRAcr-
1158 179 1227 218 ΒΕ
1269 180 1499 221 GRATIA.

165 325 433 384 mationis
459 334 714 382 auctores
735 343 835 381 seu
865 323 1263 382 emendatores
1290 322 1619 382 Sacrorum
1649 368 1664 397 ,
1697 334 1763 382 ut
1782 333 2004 406 'vocant
2023 368 2039 397 ,
2077 334 2256 384 teter-

164 419 323 476 rimis
360 417 629 496 angustiis
648 417 839 476 vexati
871 416 1030 477 fuere
1059 417 1150 496 (l)
1170 460 1186 490 ,
1227 416 1333 474 etsi
1359 417 1698 478 mendacem
1718 410 2148 496 jucunditatem
2173 440 2260 479 ce-

168 513 300 571 teris
327 510 563 592 polliciti
586 511 724 570 sint.

947 660 1351 714 PROPOSITIO
1389 660 1464 713 II.

161 829 414 907 Accepta
436 833 691 906 justitia
733 840 1118 889 conservatur
1156 841 1210 888 et
1249 839 1508 910 anyetur
1545 850 1750 889 coram
1793 833 1916 892 Deo
1947 855 2065 913 per
2104 835 2259 893 hona

409 944 584 1002 opera
612 970 627 999 ,
676 946 794 984 non
837 936 921 983 est
947 936 1268 1005 propterea
1309 930 1379 983 in
1421 925 1704 984 omnihus
1745 930 2013 1005 aequalis.

241 1111 377 1170 594.
426 1114 545 1170 Hoc
572 1123 658 1172 est
692 1113 763 1172 de
798 1113 910 1173 fide
938 1159 953 1188 ,
991 1125 1056 1172 ut
1093 1125 1319 1174 constat
1362 1136 1433 1174 ex
1464 1135 1590 1174 can.
1619 1114 1850 1190 XXIV,
1891 1116 2064 1175 Conc.
2092 1117 2253 1175 Trid.

118 1212 121 1214 ’
158 1207 505 1285 Dejustifi'c.
547 1207 635 1265 his
670 1207 858 1268 verbis
896 1219 1173 1290 concepto
1205 1231 1219 1267 :
1261 1210 1332 1267 Si
1353 1213 1490 1288 quis
1521 1210 1785 1280 daverit,
1809 1214 2126 1287 justitiam
2157 1214 2260 1270 ac—

158 1312 384 1379 ceptam
417 1323 534 1359 non
563 1306 903 1361 conservari
922 1347 943 1374 ‚
976 1315 1148 1383 atque
1179 1309 1359 1362 etiam
1397 1325 1516 1361 non
1543 1307 1760 1383 auffert
1782 1325 1984 1362 coram
2012 1306 2263 1384 Deoper

159 1395 312 1452 hona
338 1416 542 1473 opera3
569 1398 671 1454 sed
696 1418 871 1476 opera
892 1403 1025 1477 ipsa
1049 1401 1295 1477 fructus
1332 1400 1695 1457 solummodo
1720 1410 1776 1456 et
1805 1403 1980 1478 signa
2002 1395 2263 1479 'essejus-

158 1492 497 1571 tifi'cationis
512 1493 759 1571 adeptae,
779 1514 897 1552 non
913 1504 1113 1552 autem
1125 1498 1319 1573 ipsius
1334 1494 1578 1573 auqend
1580 1499 1608 1551 i
1617 1514 1688 1552 ca
1698 1516 1896 1567 usam3
1933 1496 2140 1554 anath.
2159 1500 2254 1554 sit.

158 1677 185 1744 ἓ
210 1695 286 1744 17,
310 1683 497 1745 turpiter
520 1683 605 1730 sibi
633 1684 918 1732 contradicit.
936 1683 1010 1731 Sic
1039 1686 1163 1733 enim

158 1761 243 1808 sibi
275 1766 487 1827 proponit
510 1763 813 1830 objectionem
839 1783 852 1813 :
878 1765 1037 1830 Aequi
1067 1766 1162 1830 (di-

156 1852 225 1890 cet
253 1846 520 1910 quispiam)
562 1845 695 1909 lonqe
725 1846 862 1894 aliud
893 1850 1160 1912 experiun-

157 1932 233 1971 tur
244 1925 405 1988 fideles
422 1965 433 1985 ,
456 1930 543 1990 qui
558 1963 571 1987 ‚
592 1931 649 1975 in
669 1929 1035 1991 recoqnoscenda
1050 1946 1161 1993 erqa

157 2022 204 2052 se
233 2006 334 2053 Dei
359 2011 537 2070 qratia,
562 2026 659 2056 non
674 2009 808 2056 modo
826 2010 1159 2073 inquietudine

157 2095 399 2135 tentantur
424 2093 440 2150 (
460 2090 583 2153 quod
599 2107 721 2155 saepe
741 2089 839 2138 illis
863 2074 1121 2155 continqit)
1141 2129 1153 2151 ,

155 2168 238 2214 sed
255 2171 555 2231 qravissimis
580 2173 721 2218 etiam
752 2173 1007 2219 terroribus
1039 2190 1158 2236 qua·

157 2249 321 2310 tefiunt
340 2288 351 2309 ,
387 2258 521 2297 tanta
555 2261 621 2298 est
643 2252 707 2297 ad
735 2252 1053 2300 deturbandas
1080 2270 1156 2300 eo-

155 2346 261 2376 rum
295 2339 469 2378 mentes
498 2335 809 2379 tentationum
841 2333 1152 2381 vehementia.

154 2410 414 2474 Respondet
442 2401 604 2461 ¹autem
643 2431 656 2461 :
702 2415 809 2461 Nos
848 2423 968 2462 certe
995 2453 1006 2474 ‚
1038 2416 1153 2462 dum

147 2492 292 2555 fidem
323 2493 538 2541 docemus
559 2512 654 2542 esse
689 2495 851 2543 debere
883 2506 1057 2544 certam
1093 2514 1150 2544 ac

154 2590 368 2621 securam
416 2613 430 2635 ‚
508 2593 607 2624 non
661 2578 994 2626 certitudinem
1055 2578 1151 2625 ali-

152 2671 295 2718 quam
345 2658 671 2720 imayinamur
688 2697 701 2718 ‚
743 2678 848 2724 quae
890 2661 1025 2709 nulla
1053 2670 1152 2708 tan-

149 2746 293 2801 qatur
332 2738 653 2801 dubitatione,
690 2757 774 2788 nec
816 2745 1145 2802 securitatem,

151 2839 255 2885 quoe
302 2821 434 2870 nulla
479 2821 803 2870 sollicitudine
859 2825 1117 2888 impetatur
1131 2841 1152 2885 ,⁰

153 2906 271 2968 quin
298 2907 460 2970 potius
486 2905 717 2966 dicimus,
745 2914 1030 2971 perpetuum
1058 2922 1153 2953 esse

138 2985 367 3047 fidelibus
402 2995 638 3034 certamen
671 3003 779 3035 cum
812 3003 901 3033 sua
937 2988 1153 3051 ipsorum

154 3066 433 3131 diffidentia.
451 3068 548 3117 Hoc
564 3087 668 3118 vero
686 3071 970 3134 prosequitur
994 3072 1044 3116 in
1060 3079 1152 3118 toto

155 3150 331 3212 capite3
371 3167 422 3197 ac
461 3151 596 3199 modo
626 3153 945 3200 certitudinem
967 3189 981 3211 ,
1011 3151 1148 3200 modo

154 3230 495 3278 fluctuationem
548 3243 892 3281 commemorat.
937 3232 990 3281 Id
1051 3244 1115 3281 est
1134 3270 1148 3294 ‚

155 3311 345 3358 fluctuat
361 3314 552 3375 ipsemet
570 3317 687 3362 inter
706 3315 964 3363 haereticum
987 3315 1152 3378 dogma

155 3409 291 3440 snum
321 3401 366 3439 et
391 3394 618 3444 dictamen
641 3400 896 3460 practicam
921 3401 1153 3447 conscien-

155 3475 254 3534 tiae,
281 3474 404 3539 quod
431 3476 551 3522 idem
581 3477 748 3540 dogma
777 3482 952 3528 evertit.

221 3553 290 3619 (l)
319 3554 440 3621 Quid
463 3559 513 3604 in
536 3575 582 3606 se
605 3570 812 3623 expertus
830 3563 888 3609 sit
903 3560 1120 3610 Calvinus
1140 3596 1155 3619 ‚

1241 1682 1387 1732 verbis
1410 1686 1516 1731 satis
1547 1694 1740 1733 constat.
1786 1683 1908 1750 Quid
1933 1686 1982 1732 in
2017 1702 2064 1733 se
2095 1702 2249 1734 sense-

1242 1769 1300 1813 rit
1317 1765 1567 1825 Lutherns‚
1599 1770 1716 1814 inter
1742 1767 1829 1814 alia
1857 1766 2125 1825 ostendunt,
2155 1782 2258 1832 quae

1241 1850 1289 1894 in
1318 1852 1410 1896 suis
1456 1847 1715 1912 Colloquz'is
1772 1847 2109 1912 familiaribus
2161 1851 2258 1913 ipse

1241 1930 1417 1977 scribit.
1455 1930 1525 1976 Ex
1557 1930 1727 1995 quibus
1769 1931 1920 1995 aliqua
1952 1930 2029 1977 hic
2069 1929 2256 1995 subjici-

1241 2027 1343 2057 mus
1405 2013 1542 2074 juxta
1592 2014 1845 2058 versionem
1909 2011 2121 2072 gallicam
2173 2027 2250 2074 op.

1240 2094 1316 2139 cit.
1339 2091 1411 2139 Cl.
1441 2092 1646 2139 Moehler
1668 2109 1683 2140 ε
1704 2090 1812 2138 J’ai
1832 2099 1930 2138 tout
1944 2107 2049 2151 cru,
2068 2094 2243 2156 inquit,

1240 2190 1326 2220 sur
1360 2171 1407 2219 la
1438 2173 1514 2236 foi
1554 2172 1619 2219 du
1660 2172 1799 2237 Pape
1832 2182 1876 2219 et
1905 2173 1984 2218 des
2024 2174 2207 2219 moines
2229 2193 2249 2229 ;

1238 2255 1360 2300 mais
1376 2253 1405 2299 ὰ
1413 2257 1608 2316 present
1626 2271 1676 2301 ee
1690 2270 1777 2317 que
1792 2253 1863 2299 dit
1884 2251 1920 2299 J
1919 2257 2041 2300 esus·
2051 2253 2212 2301 Christ
2231 2290 2246 2313 ,

1238 2336 1325 2398 qui
1363 2344 1509 2382 certes
1543 2350 1602 2381 ne
1653 2343 1781 2381 ment
1816 2336 1988 2399 point,
2019 2337 2077 2400 je
2112 2352 2173 2383 ne
2207 2335 2250 2383 le

1239 2417 1363 2462 crois
1382 2454 1393 2474 ,
1413 2418 1471 2481 je
1504 2433 1564 2463 ne
1605 2418 1724 2480 puis
1754 2415 1795 2462 Ie
1818 2418 1969 2464 croire
1996 2432 2130 2464 assez
2148 2417 2249 2480 fer·

1236 2505 1451 2545 mement.
1478 2495 1608 2544 C’est
1629 2496 1679 2544 la
1711 2514 1808 2544 une
1827 2497 1959 2544 chose
1983 2497 2245 2561 fdcbeuse,·

1234 2576 1349 2625 n'en
1368 2577 1569 2643 parlons
1575 2577 1691 2644 plus
1702 2634 1707 2639 ρ
1707 2579 1906 2642 jusqu'd
1922 2576 2092 2626 l'autre
2112 2580 2247 2627 vie...

1235 2659 1416 2725 l'esprit
1435 2669 1504 2708 est
1525 2669 1716 2726 prompt
1746 2669 1791 2708 et
1823 2660 1871 2708 la
1895 2659 2036 2708 chair
2061 2670 2128 2708 est
2146 2661 2250 2725 fai-

1235 2742 1306 2790 hle
1332 2781 1344 2803 ‚
1375 2743 1445 2790 dit
1459 2743 1605 2791 J.-C.
1625 2760 1684 2790 en
1700 2742 1900 2808 parlant
1917 2742 1973 2789 de
1990 2742 2248 2793 lui-meme.

1236 2824 1292 2874 S.
1326 2819 1457 2871 Paul
1499 2824 1571 2871 dit
1598 2825 1733 2872 aussi
1768 2842 1782 2872 ε
1815 2824 1996 2890 l’esprit
2027 2824 2250 2872 voudrait

1238 2923 1286 2953 se
1308 2906 1492 2954 donner
1518 2908 1826 2954 entz‘erement
1871 2902 1912 2953 a⁸
1940 2906 2098 2967 Dieu,
2135 2904 2254 2952 aller

1235 2989 1264 3035 ὰ
1285 2988 1358 3035 lui
1374 2987 1495 3035 dans
1527 2988 1574 3036 la
1605 2989 1680 3053 foi
1702 2997 1746 3035 et
1776 2987 2070 3036 l’obeissance
2085 3008 2103 3045 ,·
2127 2988 2253 3035 mais

1234 3068 1281 3117 la
1318 3072 1483 3118 raison
1505 3107 1517 3128 ‚
1565 3069 1612 3118 la
1635 3069 1776 3129 cheir
1807 3078 1850 3118 et
1882 3069 1946 3117 les
1978 3086 2085 3116 sens
2114 3070 2249 3116 resis-

1234 3160 1333 3199 tent
1354 3173 1372 3210 ‚·
1407 3151 1468 3200 ils
1508 3169 1567 3199 ne
1598 3151 1813 3212 veulent,
1854 3153 1914 3199 ni
1953 3167 2012 3198 ne
2041 3159 2254 3217 peucent

1233 3235 1383 3283 cheir.
1416 3235 1574 3283 Aussi
1603 3234 1739 3282 Dieu
1762 3271 1775 3292 ‚
1820 3232 2248 3297 notre-Seiqneur,

1234 3315 1368 3364 a-t-il
1383 3317 1605 3382 patience
1643 3331 1755 3363 avec
1790 3332 1946 3378 nous,
1976 3314 2018 3362 il
2049 3315 2256 3362 ‚n’eteint

1229 3414 1322 3463 pas
1351 3397 1398 3445 la
1423 3396 1580 3445 meche
1609 3413 1772 3444 encore
1797 3397 2047 3461 fumante,
2080 3412 2170 3443 car.
2186 3393 2252 3443 les

1231 3479 1392 3544 fideles
1427 3487 1508 3527 ont
1535 3478 1796 3527 seulement
1828 3478 1893 3526 les
1920 3479 2157 3544 prtmices
2193 3474 2251 3523 de

1238 3558 1451 3625 l’esprit‚
1476 3562 1602 3608 mais
1622 3577 1721 3610 non
1751 3562 1803 3609 la
1834 3560 1964 3609 dtme
1991 3568 2036 3608 et
2066 3558 2114 3606 la
2135 3573 2250 3623 per-

155 3636 227 3684 vel
261 3653 317 3686 ex
360 3638 500 3702 ipsis,
552 3654 654 3705 quae
689 3642 824 3690 modo
882 3642 1147 3704 attulimus,
1226 3628 1493 3692 sectione-
1509 3642 1700 3692 Comme
1713 3637 1966 3711 quelqu’un
1979 3637 2255 3689 demandait
