2430 4056
369 223 529 260 marr.
574 218 615 254 1.
662 221 782 258 car.
829 218 907 257 iv.
951 219 1018 253 mi
1058 217 1284 254 lui-Una
1324 220 1389 255 m·
1444 219 1612 258 mvls.
1659 220 1824 256 cna-r.
1871 221 1990 257 mc.
2082 200 2184 260 131

133 359 398 419 voluntas
425 357 642 417 moveri
676 375 740 413 ac
769 353 921 413 flecti
943 375 1063 412 non
1094 355 1270 435 possit
1294 400 1311 430 7
1349 354 1468 413 sive
1487 354 1560 413 ad
1590 355 1809 414 bonum
1837 357 1956 418 sive
1977 357 2052 416 ad
2071 380 2197 418 ma-

132 455 252 514 lum
270 499 285 529 7
308 454 417 512 nisi
435 449 767 510 necessitate
789 447 1150 506 antecedenti
1174 447 1245 506 ab
1269 446 1549 507 alterutra
1578 448 1954 510 delectatione
1968 463 2196 512 terrena

134 561 232 608 aut
255 546 467 607 coelesti
494 542 771 626 producta
799 552 1015 620 agatur.

213 641 350 701 284.
380 641 511 697 Jam
539 657 675 696 vero
701 635 893 714 gratiae
924 635 1229 694 efficaciam
1258 633 1330 693 ab
1354 634 1460 694 hac
1475 635 1704 716 physica
1727 638 2198 718 praedetermina-

135 737 292 795 tione
315 779 331 808 7
359 730 675 791 necessario
701 729 1036 809 impellente
1052 729 1364 812 humanam
1380 729 1737 789 voluntatem
1757 754 1859 812 per
1882 733 2204 794 delectatio-

133 849 270 891 nem
307 825 630 900 coelestem,
683 823 950 904 gradibus
994 823 1355 904 superiorem.
1380 824 1639 903 opposita
1676 824 2054 888 delectatione
2101 851 2202 888 seu

131 919 590 1001 concupiscentia
618 963 633 992 7
671 938 734 975 ac
772 917 900 976 ideo
943 916 1265 975 necessario
1304 915 1542 976 relative
1590 918 1883 997 victricem
1915 966 1930 993 7
1964 923 2203 983 minime

134 1036 255 1074 esse
290 1012 704 1095 repetendam7
733 1012 811 1070 sic
854 1011 917 1068 in
952 1009 1153 1092 primis
1202 1010 1576 1073 ostendimus,
1615 1014 1806 1071 Gratia
1849 1015 2046 1074 efficax
2087 1040 2208 1076 non

131 1109 367 1191 perimit
393 1107 640 1166 liberum
672 1105 1002 1179 arbitrium,
1033 1115 1099 1162 ut
1119 1125 1189 1162 ex
1213 1104 1279 1161 iis
1300 1148 1315 1177 7
1348 1124 1472 1184 quae
1495 1104 1863 1166 disseruimus
1895 1110 1955 1167 in
1989 1131 2206 1190 praece-

134 1202 295 1275 denti
320 1202 730 1283 propositione7
756 1199 958 1279 liquet3
987 1196 1237 1256 liberum
1253 1207 1445 1256 autem
1469 1198 1770 1258 arbitrium
1802 1203 1921 1260 non
1945 1205 2202 1263 consistit

130 1296 195 1355 in
239 1295 357 1355 sola
399 1295 763 1353 immunitate
804 1314 836 1350 a
878 1292 1202 1361 coactione,
1245 1291 1346 1349 sed
1388 1292 1643 1351 consistit
1685 1307 1961 1374 praeterea
2003 1298 2063 1355 in
2105 1300 2209 1358 im-

134 1390 418 1448 munitate
451 1411 483 1447 a
517 1388 850 1447 necessitate
872 1429 888 1461 7
921 1406 1020 1444 seu
1044 1386 1105 1442 in
1130 1384 1395 1443 libertate
1424 1387 1824 1448 indifferentiae
1847 1435 1862 1463 7
1891 1402 1956 1448 ut
1987 1403 2210 1452 constat

135 1495 263 1543 tum
298 1505 366 1543 ex
402 1484 467 1541 iis
503 1528 518 1557 7
566 1502 690 1563 quae
728 1480 800 1538 de
836 1480 944 1538 hoc
984 1490 1321 1559 argumento
1367 1479 1502 1538 alias
1548 1483 1764 1560 egimus
1811 1483 1898 1564 (l)
1927 1529 1942 1557 7
1980 1496 2105 1543 tum
2141 1509 2210 1546 ex

137 1599 303 1660 prop.
343 1579 441 1635 111²·
471 1576 727 1635 Jansenii
756 1594 881 1656 quae
921 1585 986 1632 ut
1021 1575 1292 1632 haeretica
1327 1576 1645 1657 proscripta
1690 1588 1775 1636 est
1803 1599 1816 1634 :
1857 1580 1960 1637 Ad
1984 1601 2213 1639 meren-

140 1673 318 1744 dum,
344 1674 432 1730 vel
451 1672 898 1745 demerendum,
937 1680 1045 1728 etc.
1078 1670 1219 1748 Ergo
1259 1667 1331 1727 ab
1356 1669 1461 1728 hac
1487 1670 1715 1751 physica
1748 1673 2212 1754 praedetermina-

143 1771 303 1826 tione
333 1810 349 1840 7
388 1766 786 1824 necessitatem
824 1764 1107 1823 inferente
1145 1763 1411 1823 humanae
1439 1764 1725 1825 voluntati
1751 1789 1856 1848 per
1883 1768 2215 1828 delectatio—

137 1883 275 1919 nem
324 1858 592 1938 gradibus
633 1858 870 1919 relative
922 1858 1215 1917 victricem
1247 1902 1262 1930 7
1305 1857 1635 1938 ‘repetenda
1699 1883 1817 1919 non
1879 1874 1964 1920 est
2017 1865 2208 1942 gratiae

140 1954 384 2014 efficacia
403 1997 419 2029 7
451 1971 575 2033 quae
603 1949 1002 2009 indifferentiae
1033 1949 1358 2008 libertatem
1391 1950 1652 2010 destruit.

216 2048 360 2107 285.
405 2049 646 2126 Insuper
686 2066 706 2104 .·
747 2048 814 2102 In
848 2065 917 2104 eo
950 2044 1229 2125 principio
1252 2045 1520 2103 constitui
1547 2048 1747 2127 nequit
1780 2047 1902 2108 haec
1924 2050 2169 2109 efficacia
2190 2096 2206 2123 7

99 2148 104 2150 ’
139 2142 294 2224 quod
329 2153 416 2201 est
449 2141 686 2215 falsum,
737 2139 1069 2200 haereticum
1105 2159 1169 2197 ac
1211 2160 1473 2219 pugnans
1514 2161 1643 2198 cum
1680 2141 1899 2222 reliqua
1946 2144 2204 2220 ejusdem

140 2237 386 2296 auctoris.
422 2235 702 2294 doctrina.
731 2233 865 2293 Tale
904 2254 1076 2314 porro
1100 2243 1187 2292 est
1207 2233 1556 2314 principium
1581 2237 1617 2293 J
1619 2236 1844 2294 ansenii
1878 2236 1949 2296 de
1974 2238 2213 2300 relative

139 2332 356 2391 victrici
379 2329 772 2389 delectatione.
953 2391 956 2394 ,

220 2425 358 2484 286.
395 2426 457 2482 10
489 2424 716 2483 Falsum
744 2434 850 2482 est.
884 2423 1016 2481 Non
1037 2421 1191 2480 enim
1218 2420 1518 2480 delectatio
1550 2433 1636 2480 est
1662 2423 1895 2481 unicum
1919 2424 2174 2484 medium
2193 2471 2209 2500 7

142 2541 255 2600 quo
297 2518 472 2578 homo
492 2564 508 2593 7
562 2517 766 2577 saltem
806 2516 1100 2598 proxime,
1152 2536 1183 2573 e
1218 2515 1491 2574 vitiorum
1528 2536 1690 2575 coeno
1730 2517 2017 2592 educitur7
2045 2530 2217 2600 atque

142 2612 216 2670 ad
238 2612 670 2674 conversionem
709 2632 772 2669 ac
809 2610 1053 2669 salutem
1088 2608 1306 2682 fertur7
1342 2610 1426 2667 uti
1471 2611 1775 2668 Jansenius
1815 2613 2112 2671 constituit
2149 2633 2213 2670 ac

143 2727 249 2787 pro
278 2717 432 2767 certo
473 2707 681 2778 sumit3
715 2704 881 2786 plura
923 2702 1205 2783 siquidem
1240 2702 1347 2761 alia
1385 2715 1706 2785 suppetunt
1739 2706 1929 2764 media
1958 2752 1973 2780 7
2007 2706 2212 2788 quibus

144 2799 319 2859 homo
361 2821 394 2858 a
427 2800 579 2859 vitiis
610 2798 927 2859 retrahitur
954 2841 972 2870 7
1011 2807 1183 2876 atque
1219 2797 1295 2854 ad
1331 2791 1550 2856 bonum
1595 2797 1909 2858 inflectitur
1933 2845 1947 2873 7
2008 2812 2073 2858 ut
2114 2802 2217 2858 Sa·-

145 2916 254 2954 crae
290 2895 496 2953 litterae
517 2895 761 2957 docent.
803 2893 956 2950 Nam
991 2889 1137 2948 Eccl.
1176 2891 1234 2964 17
1275 2891 1352 2949 27
1375 2936 1390 2964 7
1422 2890 1669 2949 dicitur:
1728 2893 1934 2951 Timor
1965 2895 2217 2951 Domini

144 2978 694 3068 arpellupeccatum
708 2996 817 3066 ,ξεῖ
841 2987 875 3043 J
880 3005 1055 3042 erem.
1082 2984 1289 3043 XXXII
1310 3029 1326 3058 7
1360 2984 1436 3042 40
1462 3007 1475 3042 z
1514 2985 1810 3058 Timorem
1836 3006 2034 3042 meum
2065 2987 2216 3044 daho

77 3136 79 3140 ,
145 3088 210 3141 in
239 3083 406 3141 corde
444 3102 678 3152 eorum,
709 3090 778 3137 ut
814 3099 936 3136 non
964 3079 1241 3135 recedant
1271 3100 1311 3135 a
1341 3099 1450 3135 me.
1489 3081 1735 3136 Demum
1770 3078 2025 3137 Christus
2062 3080 2219 3160 ipse,
2304 3107 2306 3109 ·

147 3175 354 3233 Matth.
391 3176 443 3231 X
465 3218 482 3248 7
525 3173 604 3231 28
632 3217 648 3246 7
684 3174 763 3230 ait
795 3193 808 3228 ε
853 3171 1048 3229 Nolite
1082 3174 1285 3228 timere
1323 3191 1444 3243 eos-7
1495 3176 1607 3248 qui
1649 3173 1923 3230 occidunt
1959 3194 2172 3252 corpus
2195 3216 2218 3244 ,

146 3274 419 3329 animam
447 3278 644 3326 autem
681 3287 802 3324 non
826 3274 1077 3343 possunt
1111 3265 1364 3322 occidere
1395 3288 1411 3336 ς
1444 3266 1545 3321 sed
1567 3272 1771 3342 potius
1805 3271 1998 3323 timete
2042 3287 2178 3324 eum
2198 3310 2215 3340 7

151 3367 261 3443 qui
291 3371 480 3442 potest
511 3371 564 3418 et
586 3364 858 3418 animam
891 3368 944 3415 et
976 3378 1190 3436 corpus
1211 3358 1457 3435 perdere
1485 3362 1549 3415 in
1581 3360 1937 3438 yehennam.

228 3456 367 3515 287.
414 3453 685 3513 Praeclare
723 3452 972 3512 diversas
995 3452 1245 3512 rationes
1273 3495 1289 3525 7
1325 3450 1532 3532 quibus
1557 3474 1661 3533 per
1688 3455 1927 3533 gratiam
1955 3452 2029 3512 ad
2057 3472 2223 3512 sanc-

174 3618 178 3623 *
215 3645 282 3710 (1)
318 3644 474 3695 Tract.
497 3639 566 3690 De
593 3640 699 3690 Deo
730 3617 888 3689 creat.
924 3640 1013 3688 loc.
1041 3641 1117 3687 cit.
