2430 4056
202 149 324 209 282
963 167 1163 206 ‘rmc'iu
1210 168 1280 206 nn
1324 170 1544 209 cmm.

206 312 334 373 Dixi
363 312 475 370 sub
495 298 872 386 hoc'respeotu
893 351 908 378 ,
929 329 1068 366 nam
1098 308 1415 367 Novatores
1445 331 1511 368 ea
1535 309 1740 368 saltem
1763 307 2080 387 admittunt
2102 309 2280 370 veluti

205 408 360 486 signa
393 404 528 463 fidei
549 420 611 461 ac
626 402 863 478 justitiae
888 403 1057 479 justis
1086 412 1186 459 aut
1221 399 1413 461 electis
1442 403 1759 484 imputatae.
1798 403 1862 462 30
1886 403 2133 463 Evidens
2158 415 2279 479 est,

204 497 608 580 impossibilem
642 496 763 554 fieri
797 497 971 554 etiam
999 495 1169 572 justis
1201 494 1628 556 observantiam
1665 499 2002 557 divinorum
2036 498 2282 557 manda-

205 607 427 664 torum3
463 592 617 672 quia,
646 611 776 648 cum
806 611 1035 671 semper
1056 590 1118 648 in
1141 591 1276 670 ipsis
1306 603 1642 670 permaneat
1657 593 1956 673 peccatum
1973 593 2281 672 originale,

203 710 261 746 se
283 687 494 765 jugiter
523 685 894 743 manifestans
919 685 980 741 in
1009 683 1326 742 actualibus
1355 685 1600 765 peccatis
1637 698 1694 745 et
1721 688 1783 746 in
1814 688 2282 768 concupiscentias

201 780 487 863 motibus,
538 780 670 837 licet
721 778 1146 852 indeliberatiS‚
1200 800 1265 837 ac
1306 780 1619 838 necessario
1675 780 1981 862 impellens
2023 783 2086 839 in
2132 803 2283 841 nova

201 897 428 955 semper
463 886 693 956 peccata
715 920 729 948 ,
784 876 851 932 fit
883 886 947 932 ut
983 878 1174 952 justus
1216 885 1464 954 nequeat
1500 894 1560 933 se
1599 872 1886 935 abstinere
1927 896 1959 935 a
1992 878 2236 957 peccatis
2264 920 2282 950 ,

200 991 305 1028 nec
333 970 576 1050 proinde
610 970 790 1050 possit
816 967 1088 1026 mandata
1120 988 1348 1027 servare
1387 969 1493 1049 (l).
1520 967 1585 1026 40
1621 968 1840 1027 Exinde
1873 981 2030 1029 ortus
2059 981 2144 1030 est
2187 970 2287 1029 ille

199 1065 440 1138 horror,
491 1084 664 1144 quem
712 1063 805 1122 vel
851 1063 925 1121 ad
975 1063 1166 1143 ipsum
1203 1067 1413 1122 meriti
1441 1083 1659 1121 nomen
1685 1064 2001 1123 Novatores
2045 1066 2285 1145 professi

200 1170 369 1230 sunt3
411 1180 542 1215 cum
569 1159 630 1214 in.
659 1157 867 1215 horum
904 1157 1165 1215 doctrina
1199 1156 1427 1214 nullum
1471 1156 1630 1214 aliud
1653 1158 1927 1215 meritum
1963 1156 2132 1216 detur
2176 1158 2284 1217 nisi

199 1253 472 1310 meritum
518 1251 725 1309 Christi
765 1253 925 1309 Jesu.
974 1250 1095 1308 Alia
1131 1273 1268 1311 vero
1304 1252 1508 1310 merita
1547 1250 1890 1327 admittere,
1923 1256 2089 1329 juxta
2134 1253 2287 1334 ipsos

198 1367 317 1403 non
353 1346 501 1426 sapit
549 1346 659 1402 nisi
698 1344 1027 1425 superbiam
1088 1355 1148 1404 et
1184 1347 1554 1423 jactantiam,
1599 1365 1724 1426 quae
1765 1345 2147 1405 adversantur
2173 1347 2287 1404 hu-

197 1440 427 1498 militati
456 1439 776 1498 christianae
798 1465 812 1512 ς
846 1438 992 1497 nihil
1016 1437 1169 1497 aliud
1195 1451 1281 1498 est
1298 1462 1474 1521 quam
1500 1461 1777 1500 evacuare
1801 1462 2028 1499 crucem
2053 1441 2284 1500 Christi.

199 1537 385 1606 Quare
421 1534 527 1614 ipsi
565 1554 686 1592 sese
725 1533 1090 1613 conspiciunt
1126 1545 1191 1591 ut
1218 1535 1549 1614 inquinatos
1589 1546 1649 1594 et
1683 1534 2017 1593 immundos
2054 1536 2118 1592 in
2146 1555 2288 1593 con-

200 1639 401 1707 spectu.
416 1628 517 1684 Dei
535 1650 549 1703 3
570 1626 1071 1707 apprehendentes
1095 1637 1288 1686 autem
1304 1650 1408 1709 per
1426 1628 1601 1688 fidem
1621 1629 1832 1690 Christi
1854 1629 2082 1703 merita,
2107 1629 2288 1688 securi

197 1722 346 1778 fiunt
394 1720 464 1778 de
505 1742 625 1778 non
668 1713 1052 1802 imputatione
1098 1734 1466 1803 peccatorum
1522 1745 1776 1782 suorum.
1824 1712 1971 1783 Inde*
2007 1724 2286 1804 originem

198 1815 445 1896 denique
491 1815 667 1874 habet
713 1816 811 1874 illa
851 1815 1098 1888 fiducia,
1147 1817 1263 1876 imo
1307 1818 1577 1877 securitas
1615 1819 1747 1878 vitae
1784 1830 2016 1878 aeternae
2041 1864 2057 1893 7
2112 1838 2288 1899 quam

196 2091 272 2120 rus
297 2074 417 2120 hanc
444 2073 606 2120 thesim
634 2074 900 2138 proposuit:
922 2073 1073 2119 Fides
1096 2074 1198 2120 nisi

195 2156 300 2201 sine
340 2153 478 2212 ullis,
513 2155 654 2201 etiam
688 2154 905 2200 minimis
940 2153 1159 2217 operibus
1180 2191 1193 2213 ‚

194 2251 293 2281 non
304 2235 544 2298 justificat
563 2272 576 2293 ‚
608 2236 706 2281 imo
725 2250 820 2281 non
839 2242 907 2281 est
927 2233 1050 2296 fides
1068 2234 1192 2298 (opp.

193 2326 307 2364 tom.
360 2332 378 2361 1
409 2351 421 2375 ‚
464 2333 564 2379 pag.
618 2314 775 2375 523).
825 2313 924 2364 Cfr.
962 2313 1193 2371 Moehler‚

192 2394 520 2459 Symbolique‚
539 2406 652 2443 tom.
677 2413 693 2443 1
714 2432 726 2456 ,
752 2413 857 2460 pag.
886 2410 982 2442 222
1022 2405 1065 2442 et
1094 2410 1192 2459 seq.

191 2477 246 2524 ln
279 2477 505 2541 colloquio
539 2475 901 2540 Altemburgensi
934 2477 1069 2540 rigidi
1090 2479 1195 2541 qui·

194 2559 302 2606 dam
329 2559 574 2606 Lutherani
601 2559 845 2607 dixerunt:
883 2557 1047 2623 Opera
1071 2558 1194 2605 bona

190 2648 234 2686 et
252 2655 424 2686 novam
451 2639 762 2687 obedientiam
786 2655 883 2686 non
910 2639 974 2687 ad
997 2655 1194 2703 reqnum

191 2718 410 2780 Christi,
446 2720 527 2767 sed
559 2720 623 2767 ad
646 2720 882 2767 anundum
906 2722 1192 2784 pertinere..

188 2799 274 2848 Ad
290 2802 520 2850 Satanam
545 2810 751 2867 spectare
767 2801 1064 2849 Christianos
1083 2818 1193 2848 cum

187 2882 405 2946 operibus
429 2882 621 2931 bonis...
667 2882 803 2931 Adeo
838 2899 934 2930 non
985 2898 1083 2930 esse
1119 2899 1194 2929 ne·

188 2966 392 3012 cessaria
426 2980 566 3029 opera
590 2965 714 3013 bona
734 3002 747 3024 ,
774 2973 829 3012 ut
850 2966 993 3011 etiam
1031 2962 1097 3010 ad
1112 2979 1193 3011 sa-

188 3042 330 3091 lntem
366 3045 743 3105 incommodent,
796 3047 986 3110 sintque
1018 3047 1189 3110 perni-

188 3125 372 3173 ciosa...
403 3126 608 3179 Preoari
654 3136 860 3192 oportere
881 3165 894 3188 ‚
925 3134 980 3174 ut
1019 3127 1073 3179 in
1095 3126 1193 3190 fide

189 3206 292 3251 sine
313 3207 530 3254 omnibus
559 3208 777 3273 operibus
806 3225 953 3273 nsque
975 3209 1029 3255 in
1042 3209 1191 3272 finem

181 3288 671 3350 perseveremusCfr.
691 3289 904 3338 Bellarm.
930 3289 1010 3337 De
1022 3288 1188 3354 justif.

161 3393 163 3395 ·
188 3365 274 3415 lib.
310 3383 361 3416 1v
379 3402 397 3429 ‚
434 3385 535 3433 cap.
573 3387 616 3418 1.
652 3370 781 3419 Tales
806 3372 994 3420 fuerunt
1015 3368 1188 3419 Sacro-

187 3463 296 3494 rum
340 3448 682 3512 emendatores,
735 3455 864 3518 queis
922 3468 1040 3501 curae
1094 3461 1189 3501 erat

188 3530 369 3593 propria
420 3531 603 3580 vivendi
653 3536 826 3585 ratione
873 3534 955 3583 has
995 3534 1189 3586 theorias

188 3611 486 3660 confirmare!

1353 2073 1421 2137 (l)
1441 2073 1691 2122 Melancth.
1710 2072 1828 2121 Loo.
1852 2072 2020 2123 Theoi.
2034 2092 2141 2138 pag.
2166 2088 2285 2141 127.-

1283 2152 1546 2201 Maledia’it
1562 2153 1645 2201 lea·
1661 2170 1734 2201 eos
1753 2192 1766 2214 ‚
1787 2156 1874 2218 qni
1888 2170 1987 2202 non
2011 2156 2288 2203 universam

1282 2233 1426 2297 leqem
1453 2234 1596 2281 semel
1627 2233 1929 2282 absolverint.
1960 2233 2034 2282 At
2060 2236 2288 2283 universa

1281 2313 1355 2361 lea·
1405 2329 1566 2362 nonne
1623 2331 1863 2362 summum
1914 2331 2122 2364 amorem
2175 2332 2287 2380 erqa

1281 2393 1473 2452 Deum,
1506 2395 1965 2444 vehementissimum
1991 2406 2170 2444 metum
2183 2395 2288 2444 Dei

1228 2489 1230 2491 ·
1279 2478 1427 2541 eaiqit
1447 2481 1471 2524 Ρ
1496 2475 1546 2524 Α
1567 2476 1739 2541 quibus
1764 2493 1873 2524 cnm
1896 2485 1991 2525 tota
2014 2485 2192 2524 natura
2221 2478 2287 2524 sit

1278 2556 1591 2618 alienissima,
1614 2566 1668 2605 ut
1684 2559 1891 2605 maxime
1903 2556 2286 2623 pulcherrimum

1271 2638 1666 2705 pharisoeisrnum
1682 2646 1881 2703 praestes
1902 2675 1915 2699 ,
1936 2637 2284 2686 maledictionis

1276 2728 1435 2767 tamen
1462 2722 1536 2767 rei
1561 2736 1740 2767 sumus.
1760 2719 1836 2768 Sic
1866 2722 1999 2768 ceteri
2018 2722 2156 2785 primi
2183 2718 2279 2767 No-

1277 2812 1450 2850 vatores
1483 2804 1668 2866 passim.
1705 2791 1855 2866 Quare
1876 2839 1890 2864 ‚
1923 2819 2031 2851 cum
2058 2801 2282 2850 Catholici

1277 2884 1478 2932 Luthero
1515 2883 1763 2950 oincerent
1782 2921 1797 2946 ‚
1830 2885 1868 2931 si
1914 2883 2128 2932 mandata
2176 2892 2283 2931 sunt

1276 2963 1577 3029 impossibilia
1599 3000 1614 3025 ‚
1666 2982 1749 3013 cur
1799 2964 1930 3013 Deus
1983 2982 2036 3013 ea
2074 2964 2279 3011 homini-

1276 3044 1367 3093 bus
1396 3064 1572 3095 servare
1598 3049 1846 3112 praeccpit‘?
1873 3046 1974 3112 Ipse
1998 3045 2060 3095 ab
2086 3046 2174 3094 hac
2192 3045 2283 3093 dif-

1275 3126 1479 3176 ficultate
1495 3129 1652 3177 festive
1665 3146 1713 3177 se
1728 3127 1928 3193 expedit,
1943 3123 2279 3193 respondendo:

1275 3206 1519 3274 Praecipere
1574 3217 1621 3258 et
1664 3210 1979 3274 obtemperare
2029 3208 2123 3257 duo
2177 3217 2287 3257 sunt

1274 3276 1408 3354 longe
1433 3293 1551 3339 inter
1587 3306 1634 3339 se
1671 3289 1844 3339 diversa
1871 3307 1887 3354 3
1908 3288 2167 3356 praecipere
2193 3291 2283 3338 cito

1274 3372 1441 3421 dicitur
1460 3388 1475 3435 3
1499 3381 1565 3420 ast
1581 3371 1772 3438 obsequi
1794 3371 1930 3438 longe
1944 3371 2192 3420 difficilius.
2214 3369 2282 3418 Ita

1273 3455 1369 3518 ipse
1399 3455 1449 3500 in
1482 3450 1747 3511 Comment.
1768 3453 1821 3500 in
1833 3451 2000 3518 Epist.
2024 3451 2091 3500 ad
2109 3448 2272 3499 Galat.

1257 3548 1380 3600 pag:
1409 3531 1525 3582 233.
1547 3532 1636 3583 Sed
1663 3536 1700 3582 si
1714 3536 1776 3583 ita
1793 3544 1876 3596 est,
1896 3534 2052 3583 divina
2067 3530 2280 3580 mandata

1287 3624 1421 3663 erunt
1463 3616 1627 3679 potins
1669 3615 1836 3665 idealia
1864 3650 1879 3675 ,
1936 3630 2093 3681 quani¹
2123 3610 2279 3661 realia.
