2430 4056
206 225 321 296 1'48
955 242 1149 285 ruer.
1198 240 1265 279 nn
1310 235 1541 281 curm.
1637 249 1641 253 ·

210 397 326 476 12)
355 441 371 470 7
404 394 623 472 aliaque
641 382 925 464 ejusmodi
956 401 1140 465 prope
1165 381 1492 440 innumera.
1533 383 1683 442 Item
1703 377 2037 450 testimonia
2066 378 2162 438 illa
2182 423 2199 455 7
2231 380 2296 438 in

207 490 418 574 quibus
449 493 645 566 aperte
685 478 928 555 dicitur,
960 498 1082 534 non
1114 496 1186 534 ex
1226 471 1455 532 defectu
1492 476 1686 554 gratiae
1705 521 1724 550 7
1771 475 1874 534 sed
1915 496 1985 534 ex
2025 473 2145 533 sola
2188 473 2298 533 ho—

206 588 430 645 minum
459 574 674 636 malitia
703 570 1016 632 inefficacia
1043 569 1149 627 Dei
1184 565 1395 626 auxilia
1426 569 1683 629 extitisse
1702 615 1718 644 7
1760 587 1965 650 ex.·gr.
2002 571 2076 627 Is,
2106 570 2175 642 V7
2217 567 2292 626 4:

212 677 378 758 Quid
405 682 488 731 est
522 668 680 749 quod
700 667 886 724 debui
911 665 1074 721 ultra
1108 665 1308 740 facere
1347 665 1534 719 vineoe
1572 684 1716 722 meoe
1732 707 1756 735 ,
1797 675 1854 721 et
1886 685 2006 722 ozon
2037 666 2164 742 feci
2194 661 2298 721 ei?

203 772 301 830 An
323 766 483 846 quod
516 764 817 842 expectavi
837 804 853 833 7
889 767 960 816 ut
977 761 1203 836 faceret
1237 777 1379 814 uvas
1406 800 1421 829 7
1449 765 1506 813 et
1522 759 1672 834 fecit
1696 758 2047 818 labruscas?
2065 756 2291 818 Matth.

202 862 358 921 XXII
378 905 394 934 7
425 858 498 918 37
532 879 545 914 ε
582 857 814 934 Quoties
837 855 1001 911 volui
1027 872 1378 932 conqrqqare
1393 851 1550 929 filios
1579 860 1709 909 tuos
1734 896 1750 925 7
1789 854 2299 931 quemadmodum

195 958 430 1038 yallz‘na
445 959 756 1032 oonyreyat
761 949 964 1028 pullos
978 968 1112 1006 suos
1134 948 1247 1005 sub
1262 948 1392 1005 alas
1407 989 1428 1017 ,
1451 955 1506 1003 et
1523 945 1809 1004 noluisti?
1837 958 1895 1006 et
1914 947 2142 1006 similia.
2160 949 2196 1008 J
2199 970 2298 1007 am

203 1073 341 1113 vero
378 1067 650 1130 quorsum
680 1044 799 1102 haec
836 1044 1066 1113 omnia,
1101 1042 1148 1100 si
1189 1040 1263 1100 ad
1298 1039 1587 1120 agendum
1632 1039 1852 1121 aliquid
1883 1051 2162 1122 praeterea
2203 1063 2300 1101 re—

203 1147 557 1227 quireretur7
597 1138 757 1221 quod
783 1160 901 1195 non
932 1146 1082 1196 esset
1108 1136 1171 1193 in
1201 1135 1452 1194 hominis
1486 1145 1808 1216 potestate,
1848 1135 2172 1213 cujusmodi
2213 1149 2303 1196 est

201 1239 477 1298 auxilium
498 1230 1058 1317 praedeterminans'?
1105 1229 1257 1303 Quid
1294 1230 1342 1288 si
1382 1232 1535 1289 Deus
1581 1228 1964 1304 decrevisset7
2002 1230 2149 1290 illud
2179 1254 2302 1291 non

203 1332 459 1415 praebere
480 1376 495 1404 7
529 1340 703 1411 prout
745 1327 856 1385 illis
893 1323 1163 1385 omnibus
1193 1347 1315 1384 non
1343 1323 1638 1407 praebuit?
1670 1324 1784 1383 Sed
1813 1324 2183 1406 potissimum
2207 1348 2301 1385 ur·-

200 1438 367 1506 gent7
393 1425 546 1506 quod
569 1424 778 1503 legitur
798 1467 814 1497 7
844 1421 1055 1482 Matth.
1080 1422 1157 1478 XI
1181 1465 1198 1495 7
1227 1421 1302 1478 21
1332 1443 1346 1479 ε
1391 1421 1486 1481 Voe
1514 1421 1630 1478 tibi
1641 1463 1663 1491 ,
1683 1419 1972 1481 Corozai'n
1992 1466 2008 1493 7
2034 1442 2119 1481 voe
2144 1414 2297 1494 tihi,

201 1522 526 1582 Bethsaida
551 1543 572 1586 ‚·
610 1522 759 1597 quia
774 1561 795 1590 ,
839 1522 897 1575 si
924 1522 995 1574 in
1042 1515 1199 1595 Tyro
1232 1526 1286 1573 et
1320 1516 1537 1573 Sidone
1578 1518 1760 1593 factoe
1799 1524 1983 1572 essent
2014 1520 2298 1590 virtutes7

200 1638 336 1696 quoe
364 1619 544 1694 factoe
570 1624 715 1673 sunt
736 1617 804 1670 in
826 1613 987 1670 vohis
999 1654 1022 1682 ,
1047 1612 1190 1669 olim
1226 1615 1295 1669 in
1326 1612 1524 1668 cilicio
1570 1619 1629 1668 et
1659 1613 1856 1668 cinere
1878 1613 2304 1688 paenitentiam

206 1716 466 1789 eyissent.
503 1711 581 1768 Ex
604 1707 810 1789 quibus
832 1705 1024 1767 verbis
1046 1706 1251 1787 liquet7
1279 1704 1546 1764 eamdem
1575 1705 1821 1784 gratiam
1846 1705 2103 1763 futuram
2128 1705 2303 1765 fuisse

202 1806 485 1864 efficacem
513 1803 669 1885 apud
701 1802 896 1881 Tyrios
921 1801 1300 1882 Sidoniosque
1320 1846 1335 1875 7
1371 1820 1497 1881 quae
1532 1800 1799 1858 inefficax
1829 1798 1940 1858 fuit
1966 1797 2122 1881 apud
2148 1801 2302 1861 cives

193 1899 474 1959 ‘Corozai'n
512 1911 570 1958 et
606 1896 974 1974 Bethsai'dae3
1014 1895 1271 1977 alioquin
1304 1895 1566 1954 Christus
1611 1893 1822 1952 frustra
1844 1939 1860 1968 7
1922 1895 2041 1953 imo
2090 1894 2304 1973 injuste

194 2016 430 2076 prorsus
462 2015 556 2053 eos
595 1993 983 2071 objurgasset7
1019 1991 1153 2073 quia
1187 1990 1251 2049 id
1287 2012 1408 2049 non
1440 1988 1839 2071 praestiterunt
1866 2033 1882 2064 7
1919 1987 2076 2070 quod
2113 1990 2177 2047 in
2200 2011 2302 2049 eo-

194 2111 333 2147 -rum
367 2100 649 2170 potestate
683 2110 805 2147 non
843 2098 967 2147 erat
1006 2098 1072 2144 ut
1111 2085 1388 2145 facerent.

283 2184 421 2244 325.
472 2187 585 2244 Nec
610 2183 795 2256 aliud,
822 2193 1074 2264 pergunt
1094 2227 1109 2257 7
1140 2181 1335 2240 docuit
1370 2183 1428 2240 S.
1464 2182 1846 2262 Augustinus,
1880 2181 1980 2264 qui
2001 2181 2301 2264 physicam

189 2279 807 2360 “praedeterminantem
858 2279 1178 2336 motionem
1236 2275 1468 2357 repellit
1500 2322 1515 2351 7
1575 2287 1642 2334 ut
1701 2277 1953 2337 vidimus
1978 2322 1996 2353 7
2054 2298 2119 2336 ac
2172 2298 2303 2335 om-

188 2373 581 2455 nipotentiam
607 2386 666 2433 et
698 2374 999 2432 scientiam
1029 2372 1133 2430 Dei
1160 2363 1391 2453 semper
1415 2371 1714 2451 conjungit
1740 2417 1756 2446 7
1794 2383 1861 2430 ut
1895 2372 2088 2451 gratiae
2118 2371 2304 2431 effica-
2338 2430 2343 2441 ,

201 2469 347 2526 ciam
381 2489 479 2527 seu
518 2468 883 2528 infallibilem
915 2472 1034 2545 ejus
1061 2467 1332 2526 effectum
1357 2468 1538 2526 amice
1562 2488 1696 2526 cum
1722 2466 1991 2526 libertate
2013 2467 2302 2526 consociet

184 2562 266 2620 *in
293 2583 359 2621 eo
380 2606 397 2635 7
427 2584 599 2643 quem
625 2562 881 2624 decrevit
906 2565 1057 2622 Deus
1089 2561 1351 2622 absolute
1382 2570 1744 2623 convertere.
1773 2562 1924 2620 Hinc
1946 2562 2154 2620 usitata
2180 2566 2302 2640 ejus

203 2655 478 2735 loquendi
519 2658 665 2715 ratio
697 2655 769 2715 de
806 2664 1098 2716 vocatione
1136 2679 1406 2738 congrua
1431 2703 1447 2730 7
1500 2657 1644 2715 dum
1685 2657 1760 2716 de
1806 2656 2092 2736 ejusmodi
2120 2657 2302 2736 gratia

203 2749 433 2810 disserit
461 2751 572 2830 (l).
603 2751 682 2809 Ac
712 2750 951 2810 demum
992 2751 1322 2812 luculenter
1369 2753 1656 2826 affirmat,
1713 2772 1847 2810 cum
1889 2751 2094 2811 eadem
2118 2754 2301 2831 gratia

190 2845 376 2903 *alium
405 2846 666 2905 converti
687 2890 702 2920 7
734 2845 912 2903 alium
939 2867 1080 2906 vero
1108 2869 1230 2907 non
1254 2849 1395 2907 item
1432 2869 1503 2907 ex
1528 2846 1845 2909 voluntatis
1873 2845 2100 2906 defectu
2126 2869 2140 2905 ε
2169 2847 2300 2907 Νο-

200 2942 318 2998 luit
333 2941 506 3001 Esau
520 2983 542 3011 ,
566 2941 758 3022 inquit
776 2986 792 3015 7
817 2952 870 2998 et
893 2948 1354 3011 non·euourrz't,·
1375 2944 1478 3002 sed
1498 2954 1554 3001 ec
1576 2947 1636 3001 si
1657 2944 1963 3014 voluisset,
1994 2946 2302 3003 cucurris-

202 3044 284 3090 set
303 3036 327 3103 ',
357 3035 473 3093 Dei
507 3036 807 3112 adjutorio
833 3041 1226 3114 pervenisset,
1248 3042 1364 3116 qui
1388 3042 1447 3096 ei
1479 3043 1663 3117 etiam
1695 3059 1938 3097 currere
1978 3049 2034 3096 et
2064 3040 2201 3097 velle
2221 3058 2312 3098 vo·-

203 3128 394 3184 cando
425 3141 771 3205 praestaret,
809 3135 938 3189 nisi
971 3136 1266 3190 vocatione
1303 3143 1634 3212 contempta
1677 3134 1963 3211 reprobus
1998 3134 2166 3211 fieret
2192 3131 2306 3214 (2).

201 3218 268 3277 Id
298 3220 489 3299 ipsum
522 3222 716 3282 scribit
758 3223 831 3284 de
866 3226 1048 3305 Tyriis
1085 3237 1145 3285 et
1185 3225 1431 3285 Sidoniis
1453 3272 1469 3301 7
1516 3226 1649 3308 qui7
1699 3231 1882 3286 etiam
1929 3227 2163 3288 credere
2202 3249 2304 3308 po-

202 3324 449 3373 tuerunt
458 3357 480 3387 ,
507 3320 564 3374 si
581 3321 743 3376 mira
763 3321 871 3378 illa
907 3320 1139 3380 Christi
1164 3325 1341 3403 sayna
1369 3321 1655 3380 vidissent
1679 3319 1787 3401 (3).

269 3558 337 3624 (1)
353 3558 451 3608 cfr.
472 3559 667 3611 Tricass.
689 3561 753 3612 De
764 3565 1079 3633 indifferenti,
1096 3579 1188 3625 etc.
1347 3567 1412 3631 (2)
1432 3566 1484 3615 A
1487 3566 1520 3614 d
1527 3564 1749 3634 Simplic-
1763 3568 1845 3618 lib·
1862 3586 1894 3630 1,
1908 3579 2189 3636 quaest.n,n.
2210 3585 2283 3619 10·

199 3650 303 3705 part
330 3657 362 3689 ιι
382 3678 395 3705 ,
427 3652 533 3691 sect.
574 3659 664 3693 uv.
1353 3647 1422 3714 (3)
1439 3648 1542 3700 Lib.
1555 3647 1625 3699 De
1641 3650 1764 3701 dono
1769 3667 1956 3718 persev.
1969 3667 2009 3706 c,
2036 3648 2115 3715 14,
2129 3668 2178 3701 n.
2195 3649 2280 3715 34.
