2540 4074
218 215 258 280 8
989 229 1190 271 ruer.
1237 230 1305 266 nn
1349 230 1583 269 enum.
1631 266 1633 269 .

222 374 449 435 tionali
491 394 609 454 per
683 371 904 432 Christi
954 375 1173 430 merita
1219 389 1555 430 concessum
1606 372 1678 428 in
1745 367 1952 428 ordine
2001 367 2091 426 ad
2133 368 2327 426 vitam

225 480 532 529 oeternam.
1535 514 1537 517 ,
2068 471 2072 477 ’

313 563 409 622 17.
460 562 524 621 30
560 562 755 620 Gratia
800 559 878 618 sic
916 557 1174 639 exposita
1203 556 1582 617 multifariam
1614 555 1896 618 dividitur
1939 554 2096 634 ju'xta
2133 555 2325 616 varias

232 663 352 733 eius
396 656 759 738 operationes
808 663 908 711 aut
943 653 1120 711 etiam
1166 651 1404 710 exitum.
1444 651 1557 729 Nos
1601 651 1851 732 potiores
1887 671 1952 710 ac
1986 649 2326 710 celebriores

231 753 547 815 divisiones
576 749 648 808 ad
676 750 852 807 finem
874 793 889 822 ,
937 768 1110 829 quem
1142 745 1500 805 intendimus
1520 789 1536 819 7
1568 744 1954 823 subjiciemuS.

314 847 408 905 18.
455 845 646 904 Prima
683 843 916 925 partitio
944 852 1030 900 est
1059 841 1120 900 in
1151 841 1395 920 gratiam
1422 844 1883 919 praevenientem
1917 840 2038 900 sive
2067 844 2332 899 eoecitan-

233 954 373 1015 tem,
399 962 527 1022 quae
556 948 614 998 et
639 959 890 1018 operans
926 934 1224 995 interdum
1254 934 1464 993 dicitur
1500 977 1521 1006 ,
1550 944 1607 992 et
1635 933 1697 991 in
1727 935 1972 1013 gratiam
2009 955 2333 1012 cooperan-

234 1048 349 1095 tem
390 1035 511 1095 sive
553 1036 1059 1092 concomitantem.
1091 1034 1158 1088 In
1186 1031 1338 1089 hanc
1373 1029 1714 1089 divisionem
1748 1027 2074 1088 concedunt
2109 1040 2331 1088 veteres

236 1152 301 1191 ac
355 1129 736 1200 recentiore53
777 1138 865 1186 ast
900 1149 1023 1185 non
1075 1124 1277 1185 eadem
1316 1124 1554 1183 fortasse
1594 1122 1888 1185 veteribus
1933 1144 1999 1182 ae
2056 1124 2336 1182 recentio-

235 1224 397 1284 ribus
448 1224 537 1282 his
592 1221 926 1282 nominibus
981 1219 1315 1299 significatio
1364 1217 1580 1278 subest.
1630 1219 1860 1277 Etenim
1907 1220 1963 1277 S.
2015 1218 2335 1297 Augustino

239 1320 419 1399 gratia
459 1318 817 1399 praeveniens
858 1315 1005 1374 nihil
1035 1314 1195 1374 aliud
1219 1326 1340 1388 est,
1388 1314 1498 1372 nisi
1544 1313 1724 1393 gratia
1749 1358 1766 1388 a
1803 1333 1943 1394 quae·
1967 1311 2199 1371 nullum
2237 1333 2338 1370 an-

239 1412 508 1472 tecedens
546 1412 818 1471 meritum
846 1411 1120 1492 supponit
1146 1455 1162 1484 .,
1210 1407 1311 1468 sed
1355 1430 1527 1467 omne
1563 1408 1840 1468 meritum
1875 1412 2173 1486 prce-venit
2200 1407 2336 1488 (l);

242 1528 274 1565 a
312 1505 726 1565 recentioribus
766 1516 959 1563 autem
991 1504 1185 1583 gratiae
1202 1507 1627 1582 praevenientis
1657 1504 1896 1562 nomine
1930 1502 2338 1580 intelliguntur

241 1613 435 1659 motus
463 1600 546 1658 illi
571 1599 932 1659 indeliberati
948 1644 965 1675 ,
984 1600 1083 1679 qui
1110 1598 1184 1656 ad
1209 1598 1430 1656 bonum
1455 1597 1715 1655 alliciunt
1734 1642 1749 1672 7
1783 1619 1848 1655 ac
1876 1598 1939 1654 in
1965 1596 2131 1654 nobis
2162 1617 2194 1653 a
2218 1597 2337 1653 Deo

246 1696 570 1755 excitantur
596 1695 719 1753 sine
736 1693 905 1753 nobis
925 1739 939 1768 ,
964 1704 1249 1773 quatenus
1277 1714 1309 1750 a
1334 1701 1530 1750 nostra
1558 1713 1678 1749 non
1702 1689 1964 1773 pendent
1995 1690 2329 1752 voluntate.

248 1789 415 1862 Quod
444 1789 642 1848 sedulo
668 1787 994 1847 notandum
1030 1799 1118 1846 est
1138 1832 1154 1862 ,
1199 1798 1326 1845 tum
1370 1786 1442 1845 ad
1474 1788 1529 1845 S.
1565 1787 1826 1844 Doctoris
1858 1784 2303 1864 intelligentiam
2322 1828 2340 1859 ‚

247 1895 375 1944 tum
409 1885 483 1944 ad
508 1883 946 1967 praecavendam
968 1883 1363 1941 confusionem
1400 1881 1506 1961 (2).
1532 1882 1728 1940 Gratia
1755 1901 2070 1959 cooperans
2092 1890 2181 1939 est
2210 1900 2348 1939 con-

315 2061 382 2124 (l)
419 2061 583 2128 Nullus
612 2062 797 2111 fortasse
824 2062 953 2111 locus
973 2062 1141 2110 adduci
1167 2079 1250 2127 po-

250 2151 336 2190 test
361 2160 413 2191 ex
444 2141 490 2191 S.
521 2143 808 2208 Augustino,
837 2146 887 2191 in
917 2162 1009 2209 quo
1042 2146 1137 2209 ipse
1170 2161 1250 2192 vo-

249 2239 349 2272 cem
387 2226 653 2290 praevenire
671 2262 685 2289 ,
715 2236 793 2274 aut
823 2227 1002 2290 gratiae,
1037 2244 1127 2291 qua
1167 2243 1251 2274 nos

249 2303 375 2354 Deus
385 2309 626 2370 praevenit
642 2344 655 2367 ‚
685 2317 762 2355 aut
785 2309 935 2371 gratiae
950 2309 1252 2373 praevenien-

251 2386 315 2433 tis
371 2404 466 2434 non
498 2392 781 2452 usurpaverit
817 2406 868 2438 eo
909 2407 1074 2448 sensu,
1114 2406 1253 2454 quem

253 2466 471 2515 diximus.
504 2467 619 2516 Satis
648 2469 724 2516 hic
759 2469 813 2517 sit
849 2471 1153 2518 decretorium
1182 2472 1254 2534 ip-

253 2549 348 2595 sius
362 2552 670 2598 testimonium
683 2551 843 2600 afferre
857 2571 907 2600 ex
922 2551 1083 2617 Epist.
1096 2568 1253 2612 ccxvu,

253 2629 319 2676 ad
348 2628 500 2678 Vitat.
533 2649 582 2680 n.
622 2630 717 2692 28,
757 2634 868 2682 edit.
906 2631 1058 2681 Maur.
1095 2634 1256 2699 (quod

254 2712 305 2758 in
330 2721 560 2775 posterum
605 2728 783 2778 semper
820 2714 1257 2780 subintelligendum

254 2794 352 2856 est)
375 2830 388 2853 ‚
422 2803 636 2858 utpateat
654 2832 666 2855 ‚
684 2811 893 2860 quaenam
913 2801 970 2843 sit
985 2799 1082 2862 ejus
1106 2814 1255 2857 mens,

255 2874 369 2922 dum
390 2892 548 2923 vocem
559 2879 829 2941 proeveozire
843 2878 1058 2941 adhibet3
1083 2881 1148 2926 sic
1174 2881 1259 2943 igi-

257 2963 332 3003 tur
360 2956 563 3022 loquitur
600 2956 650 3006 S.
683 2957 854 3007 Doctor
887 2976 900 3007 :
932 2959 1058 3008 Hoeo
1085 2969 1129 3008 et
1160 2960 1259 3009 alia

255 3037 525 3085 testimonia
540 3038 772 3090 divina...
801 3041 1051 3088 ostenda-nt
1064 3078 1077 3097 ,
1097 3042 1260 3090 Deum

255 3120 416 3181 qratia
442 3135 532 3166 sua
561 3121 748 3184 auferre
778 3122 1055 3186 infidelibus
1081 3140 1163 3171 cor
1189 3123 1261 3171 la-

251 3199 451 3263 pideum
473 3237 486 3256 ,
529 3209 573 3248 et
600 3205 867 3265 praevenire
903 3206 957 3251 in
987 3205 1262 3254 hominibus

259 3278 492 3326 bonarum
523 3284 692 3330 merita
720 3283 1052 3349 voluntatum3
1107 3289 1177 3334 ita
1211 3296 1266 3335 ut

259 3359 476 3408 voluntas
479 3378 572 3426 per
579 3365 919 3413 antecedentem
928 3369 1134 3431 qratiam
1142 3385 1264 3433 proe-

254 3450 484 3505 paretur,
518 3459 614 3491 non
640 3453 694 3492 ut
721 3448 879 3510 qratia
911 3450 1076 3495 merito
1101 3448 1266 3497 volun-

264 3524 380 3568 tatis
409 3525 707 3573 antecedente
742 3527 958 3576 donetur.
992 3529 1100 3578 vid.
1131 3534 1266 3579 etiam

262 3600 473 3658 Euchir.
496 3622 598 3670 cap.
623 3608 686 3655 32
706 3624 720 3670 3
745 3605 829 3656 De
847 3608 1028 3658 Natur.
1054 3619 1100 3658 et
1122 3610 1264 3662 Grat.

1335 2061 1422 2111 lib.
1453 2077 1488 2110 11
1507 2098 1520 2122 ,
1545 2079 1645 2127 cap.
1677 2078 1710 2128 9
1728 2099 1742 2122 ‚
1762 2080 1813 2110 n.
1846 2078 1926 2110 21.
1949 2061 2084 2111 Item.
2101 2060 2219 2110 ibid.
2241 2078 2342 2127 cap.

1335 2139 1401 2202 8,
1434 2161 1486 2191 n.
1526 2159 1613 2210 ¹73
1661 2161 1763 2208 cap.
1804 2140 1873 2203 6,
1912 2161 1963 2192 n.
2005 2159 2100 2205 113
2139 2143 2227 2191 lib.
2260 2160 2345 2206 ιν,

1337 2242 1435 2289 cap.
1453 2223 1486 2273 6
1503 2261 1516 2284 ,
1529 2243 1577 2272 n.
1604 2224 1684 2284 ¹33
1699 2224 1776 2273 De
1786 2226 1928 2289 qestie
1945 2221 2091 2288 Pelay
2109 2262 2124 2285 ,
2140 2242 2239 2290 cap.
2266 2221 2344 2287 14,

1337 2324 1388 2354 n.
1410 2303 1503 2368 343
1521 2306 1683 2371 Epist.
1715 2324 1845 2356 ccxxv
1863 2345 1876 2367 ‚
1904 2306 1971 2354 ad
1994 2305 2194 2356 Valent.
2214 2324 2265 2355 n.
2285 2304 2345 2370 [ῃ

1339 2387 1421 2435 De
1450 2388 1674 2453 praedest.
1718 2405 1821 2453 cap.
1865 2388 1926 2451 3,
1971 2407 2023 2437 n.
2064 2403 2127 2452 7,
2160 2398 2249 2437 etc.
2280 2386 2348 2436 Ac

1339 2470 1499 2518 eodem
1528 2485 1667 2518 sensu
1708 2471 1919 2519 eamdem
1960 2487 2122 2519 vocem
2158 2469 2347 2518 adhibet

1339 2549 1389 2599 S.
1434 2551 1652 2616 Prosper,
1694 2552 1863 2618 Epist.
1890 2569 2069 2612 ccxxv,
2105 2554 2222 2600 inter
2247 2550 2346 2599 Au-

1341 2635 1623 2698 gustinianas
1644 2670 1659 2694 ‚
1688 2652 1740 2681 n.
1763 2633 1792 2681 3
1810 2670 1824 2694 ,
1860 2632 1921 2697 4,
1943 2632 1973 2682 5
1991 2669 2005 2693 ,
2023 2630 2072 2681 6.
2101 2633 2345 2693 Praeterea,

1343 2715 1466 2781 quod
1478 2715 1937 2764 animadvertendum
1952 2725 2042 2774 est,
2059 2717 2210 2780 ipsum
2223 2714 2349 2763 Con-

1344 2797 1504 2845 cilium
1535 2797 1858 2845 Tridentinum
1873 2833 1887 2857 ,
1905 2814 2014 2846 sess.
2034 2814 2080 2845 v¹
2095 2834 2107 2856 ‚
2129 2814 2234 2846 can.
2262 2811 2317 2844 111
2332 2833 2346 2857 ‚

1345 2879 1403 2927 ad
1437 2879 1592 2927 Sancti
1623 2881 1863 2945 Augustini
1889 2888 2090 2927 mentem
2117 2880 2238 2926 hanc
2265 2897 2348 2926 vo-

1347 2977 1446 3008 cem
1481 2961 1693 3009 adhibuit
1713 2969 1757 3009 et
1788 2960 1946 3009 eadem
1986 2961 2347 3024 signifieati01m3

1348 3042 1472 3108 quod
1508 3045 1676 3107 pariter
1729 3044 1960 3108 praestitit,
2002 3041 2115 3089 ibid.
2157 3058 2256 3105 cap.
2295 3039 2348 3099 5,

1348 3126 1431 3174 ubi
1445 3127 1682 3189 exposuit,
1710 3141 1804 3189 quo
1829 3140 1964 3171 sensu
1991 3122 2289 3171 declaraverit
2322 3137 2350 3170 a

1348 3205 1435 3254 Dei
1469 3223 1555 3271 per
1589 3204 1823 3253 Christum
1856 3203 2015 3254 Jesum
2032 3205 2354 3269 praevenieme

1350 3290 1494 3352 gratia
1525 3287 1762 3335 exordium
1789 3286 2066 3334 sumendum
2103 3303 2197 3334 esse
2226 3285 2355 3353 justi-

1352 3370 1578 3417 ficationis
1597 3405 1610 3427 ‚
1642 3369 1798 3415 dicens
1812 3383 1829 3414 ε
1842 3366 1955 3434 ΥΗο<>
1980 3375 2049 3414 est
2067 3367 2127 3415 ab
2146 3367 2250 3432 ejus
2273 3381 2354 3412 vo-

1353 3451 1535 3498 cat-ione
1548 3488 1559 3509 ‚
1584 3465 1678 3514 qua
1702 3447 1850 3496 nullis
1870 3465 2031 3496 eorum
2048 3446 2356 3496 miscentibus

1354 3532 1537 3579 meritis
1562 3539 1808 3579 vocantur.

1376 3665 1378 3667 .
1426 3613 1487 3677 (2)
1523 3612 1641 3661 Nam
1690 3603 1915 3678 quatenus
1956 3613 2093 3677 gratia
2134 3609 2358 3674 siguificat

263 3698 365 3749 cap.
396 3685 488 3749 315
533 3685 711 3736 Contra
749 3688 871 3737 duas
913 3692 1051 3756 epist.
1085 3692 1259 3758 Pelaq.
1345 3695 1710 3757 illustrationem,
1732 3711 1825 3745 non
1839 3693 2084 3760 potestnisi
2097 3688 2359 3740 immediate
