2430 4056
457 218 611 256 PART.
659 220 697 254 1.
741 217 863 256 GAP.
912 215 969 254 V.
1019 217 1085 252 lm
1129 217 1348 253 GRATIAE
1398 214 1835 253 mS'rmBU'rlomz.
2089 194 2197 254 177

124 364 420 440 velpotius
431 358 669 439 frzjqida
693 367 749 415 et
759 377 912 436 pene
934 358 1123 431 nulla,
1153 361 1537 417 imo‘omnino
1564 358 1873 416 interdum
1895 360 1983 415 ita
2011 348 2208 431 nulla,

122 466 193 513 ut
213 475 398 534 neque
418 454 521 512 Ιιοο
539 457 610 510 in
631 452 797 509 nobis
822 472 963 508 oum
996 453 1186 510 dolore
1209 448 1660 513 advertamm...
1695 453 1862 532 Quid
1887 472 2019 532 erqo
2041 453 2220 510 aliud
2276 462 2281 465 ’

122 550 465 607 ostenditur¹
499 547 681 604 ‘nohis
700 571 724 616 ,
777 549 906 602 nisi
945 551 1091 623 quia
1141 556 1196 603 et
1220 556 1413 624 petere
1455 557 1511 603 et
1555 561 1816 625 quaerere
1863 545 1919 604 et
1961 547 2209 624 pulsare

120 646 218 702 ille
258 642 519 703 coneedit
538 682 560 711 ,
601 644 716 718 qai
752 651 824 697 ut
861 641 981 698 Izoeo
1015 644 1323 718 faciamus
1345 642 1527 719 jubet
1560 640 1695 718 (l)'?
1725 643 1887 719 Ergo.

201 736 338 796 380.
386 736 558 815 Resp.
602 732 676 791 ad
713 735 827 810 1¹¹¹,
876 735 1154 793 Discqsi-
1186 734 1363 793 adest*
1387 734 1731 816 possibilitas
1772 738 1890 816 ‘per
1942 746 2216 794 naturam

119 835 299 890 sensu'
338 828 680 911 pelagiano,
731 850 916 895 conc.,·
959 850 1065 909 per
1103 829 1382 908 gratiam,
1431 850 1559 908 neq.
1609 828 1698 886 Ad
1741 849 1974 886 sensum
2020 828 2216 908 itaque

25 939 28 942 ’
119 921 329 1000 Pelagii
380 921 462 980 ibi
496 921 751 1002 loquitur
789 923 844 980 S.
889 922 1266 1001 Augustinus3
1325 921 1459 979 hinc
1511 922 1622 1000 ipsi
1677 920 2018 998 objicienti:
2075 923 2218 981 Non

98 1017 345 1094 juberet
374 1017 570 1089 Deus,
614 1017 772 1094 quod
811 1022 987 1075 sciret
1013 1037 1136 1073 non
1162 1036 1330 1094 posse
1362 1016 1440 1073 ab
1484 1008 1718 1072 homine
1744 1016 1888 1091 fieri
1907 1058 1928 1086 ,
1972 1036 2216 1096 respon—

117 1110 217 1169 det
262 1132 275 1167 :
323 1109 460 1169 Ideo
481 1111 665 1187 jubet
705 1109 930 1189 (Deus)
970 1112 1210 1188 aliqua,
1255 1132 1386 1188 quoe
1429 1104 1571 1168 ποκ’
1580 1131 1903 1188 possumus
1937 1154 1952 1183 .,
1999 1121 2070 1166 ‘ut
2110 1132 2218 1167 no-

116 1207 381 1262 verimus
401 1248 416 1276 ‚
440 1205 592 1282 quid
619 1205 698 1262 ab
729 1206 830 1262 illo
842 1215 1038 1284 petere
1075 1206 1406 1262 debeamus,
1455 1204 1743 1285 Supponit
1784 1204 1991 1282 igitur,
2018 1226 2219 1264 omnes

28 1372 30 1374 ·
77 1327 80 1331 ·
111 1302 294 1376 justos
317 1297 532 1357 habere
561 1320 788 1379 semper
820 1298 1024 1357 saltem
1051 1299 1292 1378 gratiam
1320 1299 1610 1357 orationis.

134 1432 138 1435 -
176 1393 336 1452 381.
371 1393 460 1452 Ad
479 1394 586 1464 2¹¹¹,
606 1396 765 1452 Disc.
798 1393 861 1452 Id
880 1405 997 1468 est.
1023 1394 1234 1452 fatetur
1259 1395 1316 1451 S.
1346 1393 1694 1472 Augustinus
1717 1414 1776 1451 se
1798 1394 2090 1471 ignorare,
2118 1415 2220 1452 cur

119 1487 285 1547 alteri
311 1487 482 1547 detur
506 1492 683 1567 gratia
710 1490 950 1569 praevisa
984 1489 1183 1547 efficax
1214 1500 1340 1547 tum
1376 1489 1646 1547 orationis
1682 1500 1808 1545 tum
1850 1488 2083 1546 alterius
2116 1510 2219 1547 cu-

112 1587 321 1663 jusque
352 1584 539 1664 operis
577 1583 838 1642 salutaris
858 1628 875 1659 ,
904 1575 1096 1656 bonag
1132 1605 1246 1641 our*
1269 1582 1441 1642 detur
1464 1583 1644 1661 gratia
1673 1582 1959 1640 sufficiens
1997 1583 2070 1640 ad
2097 1583 2220 1641 haeo

119 1677 449 1759 praestanda
478 1677 571 1739 vel
604 1700 724 1736 non
751 1677 952 1753 detur,
987 1700 1112 1758 neq.
1145 1680 1462 1759 Nunquam
1493 1678 1651 1736 enim
1686 1677 1757 1736 de
1793 1678 1903 1736 hoo
1930 1677 2222 1736 dubitavit

127 1782 226 1829 aut
251 1771 426 1862 liaesit,
452 1774 509 1830 S.
542 1774 751 1831 Doctor
764 1817 787 1845 ,
824 1794 953 1831 cum
976 1796 1083 1855 pro
1113 1785 1266 1832 certo
1287 1772 1557 1831 habuerit
1578 1819 1592 1847 7
1624 1772 1893 1830 omnibus
1919 1773 2071 1831 hanc
2097 1795 2218 1852 gra-

126 1864 268 1922 tiam
303 1877 515 1946 praesto
536 1888 655 1925 esse
684 1893 699 1939 ς
745 1889 921 1948 quare
967 1889 1199 1948 semper
1223 1869 1283 1924 in
1316 1867 1621 1925 hominum
1654 1867 1884 1947 eulpam
1913 1867 2070 1945 (non
2101 1868 2223 1947 qui-

127 1957 262 2016 dem
290 1959 607 2038 orginalem
639 1973 738 2018 aut
761 1961 1008 2020 actuales
1031 1963 1377 2043 praeteritas7
1404 1973 1470 2018 ut
1491 1972 1798 2018 autumant
1842 1963 1875 2019 J
1882 1962 2222 2042 ansenistae)

127 2052 386 2111 refundit
421 2099 438 2128 .,
499 2054 653 2135 quod
690 2065 835 2114 'non
890 2056 1392 2137 perseveraverint
1438 2054 1512 2113 ob
1565 2077 1728 2112 suam
1781 2054 2219 2134 negligentiam,

100 2161 105 2165 ’
128 2146 447 2206 socordiam
467 2194 483 2222 .,
517 2149 878 2230 superbiam3
906 2172 1017 2232 qua
1039 2151 1105 2209 fit
1132 2195 1149 2225 ,
1175 2161 1240 2208 ut
1261 2171 1392 2208 cum
1414 2150 1721 2222 deserunt,
1747 2150 2219 2228 deseranturffl).

211 2241 349 2301 382.
378 2242 485 2302 *Ad
521 2243 627 2318 3¹²¹,
660 2248 818 2304 Dz'st.
853 2247 924 2304 Et
964 2245 1057 2303 hic
1077 2245 1336 2326 loquitur
1366 2246 1424 2302 S.
1459 2247 1669 2302 Doctor
1709 2244 1783 2302 de
1805 2244 2010 2302 effectu
2047 2245 2223 2324 ipsius

51 2376 55 2379 -
128 2337 354 2417 gratiae,
391 2359 573 2412 eonc.;
599 2339 671 2398 de
703 2340 828 2420 ipsa
863 2339 1044 2419 gratia
1078 2361 1178 2398 seu
1207 2339 1468 2420 potentia
1492 2338 1695 2396 orandi
1722 2383 1737 2412 ,
1783 2361 1911 2417 neq.
1946 2340 2222 2418 Loquitur

129 2431 342 2491 seilicet
366 2432 437 2492 de
469 2435 592 2515 ipsa
631 2434 840 2493 actuali
871 2434 1127 2492 oratione
1150 2479 1166 2507 .,
1227 2455 1443 2512 quam,
1492 2445 1558 2491 ut
1593 2435 1672 2491 ait
1703 2478 1717 2507 ,
1772 2435 2097 2511 aliquando
2135 2437 2226 2491 ica

129 2528 487 2607 neylzyzmus
508 2573 524 2603 7
562 2539 632 2587 ut
658 2531 745 2586 vel
769 2530 956 2608 tepide
979 2572 999 2600 ,
1028 2530 1115 2586 vel
1152 2530 1383 2607 frzyz'de
1406 2571 1428 2598 ,
1474 2530 1562 2585 vel
1589 2529 1930 2585 nullatenus
1957 2549 2188 2584 ore-mus
2208 2571 2224 2602 ‚

132 2631 187 2678 et
217 2623 369 2680 de‘eo
393 2644 512 2682 non
543 2625 861 2682 doleamus.
891 2624 965 2681 Hi
991 2623 1274 2704 siquidem
1301 2633 1436 2681 sunt
1471 2644 1671 2680 omnes
1694 2623 1922 2700 effectus
1949 2622 2226 2702 potentiae

135 2716 431 2776 orandi-et
471 2740 590 2776 non
614 2719 852 2794 orandi,
880 2719 951 2778 de
974 2718 1179 2800 quibus
1222 2718 1407 2777 solum
1446 2717 1706 2790 disserit,
1748 2740 1870 2776 non
1912 2729 2107 2775 autem
2138 2716 2224 2776 -de

134 2810 395 2889 potentia
423 2812 660 2888 orandi,
697 2814 771 2872 de
813 2836 925 2895 qua
964 2813 1082 2872 sola
1121 2813 1214 2872 hic
1249 2813 1488 2892 agimus.
1529 2812 1721 2885 Adde,
1755 2813 1846 2871 hic
1874 2815 1928 2871 S.
1962 2811 2223 2890 Augusti·
2294 2818 2296 2820 ’

132 2926 276 2962 num
300 2905 540 2967 mini-me
569 2907 727 2989 loqui
761 2907 832 2968 de
857 2930 924 2967 eo
951 2930 1082 2966 casu
1101 2954 1115 2981 ,
1149 2909 1210 2965 in
1258 2929 1372 2989 quo
1406 2908 1583 2967 instet
1606 2919 1961 2989 praeceptum
1985 2904 2221 2986 aliquod

137 2998 575 3081 adimplendum
601 3045 618 3076 ,
660 3002 813 3083 quod
848 3014 914 3062 ut
948 3002 1217 3085 possibile
1250 3005 1350 3061 fiat
1375 3048 1391 3077 ,
1420 3004 1738 3063 necessaria
1781 3003 1959 3082 gratia
1984 3012 2070 3059 est
2107 3001 2221 3079 (3).

202 3193 395 3257 (l)²Ad
431 3194 653 3262 Simplic.
686 3197 768 3252 lib,
798 3215 845 3260 1,
875 3206 1033 3263 quaest.
1067 3212 1133 3257 11,
1218 3198 1409 3262 gratiam
1451 3200 1615 3259 praesto
1657 3210 1750 3242 esse
1793 3194 1851 3241 ad
1887 3191 2099 3240 mandata
2133 3208 2226 3239 ser-

136 3293 188 3323 n.
231 3291 282 3324 2.
568 3334 571 3337 ,
706 3291 711 3298 ·
825 3323 829 3326 ,
1218 3279 1397 3338 winda,
1438 3286 1559 3341 patet
1595 3293 1647 3324 ex
1680 3274 1775 3340 ejus
1803 3275 1982 3334 effato,·
2007 3274 2090 3322 lib.
2142 3271 2226 3320 Da

204 3357 273 3423 (2)
309 3358 403 3407 cfr.
452 3359 692 3411 Tricassin.
743 3360 821 3408 De
868 3362 1134 3410 necessaria
1208 3357 1336 3425 perf.
1352 3359 1521 3424 justit.
1544 3375 1645 3421 cap.
1671 3355 1761 3404 105
1782 3393 1795 3416 ,
1815 3355 1897 3404 ubi
1915 3359 2097 3412 animae,
2122 3371 2224 3420 quae

135 3439 200 3488 ad
217 3439 414 3488 salutem
435 3442 595 3505 qratia
615 3437 835 3490 omnibus
860 3451 903 3490 et
928 3440 1134 3506 sinqalis
1216 3443 1369 3508 gravia
1396 3457 1476 3488 seu
1508 3438 1710 3487 difficilia
1743 3456 1796 3486 ea
1829 3440 2025 3497 sentiat,
2067 3436 2177 3484 dicit
2205 3451 2222 3481 ε

135 3522 274 3584 data,
307 3528 413 3572 sect.
448 3512 512 3583 ιθ,
542 3521 665 3589 §iv-
719 3518 722 3519 ⁷
1229 3521 1346 3570 Oret
1381 3522 1561 3584 qemita
1590 3519 1849 3568 voluntatis
1871 3555 1888 3581 ,
1921 3526 1976 3566 at
2013 3519 2228 3581 impetret

205 3604 272 3669 (3)
308 3604 406 3653 cfr.
441 3604 633 3654 Tricass.
664 3603 780 3659 ibid.
813 3615 856 3654 et
889 3604 914 3670 §
943 3623 983 3653 v.
1010 3603 1144 3653 Certe
1225 3602 1402 3651 donum
1422 3600 1687 3666 facultatis.

137 3685 188 3736 S.
232 3687 537 3753 Augustinum
574 3692 827 3753 supponere
854 3721 870 3748 ‚
923 3685 1142 3734 omnibus

297 3773 362 3850 Τ.
413 3772 477 3832 V.
1918 3760 1993 3816 12
