2430 4056
261 237 372 297 142
1000 248 1187 307 ‘macr-
1231 250 1300 285 nn
1343 245 1564 286 caum.

259 415 381 478 quae
422 412 544 451 vere
570 392 642 449 sit
673 386 986 456 sufficien33
1031 384 1079 442 si
1112 383 1268 442 enim
1298 403 1512 441 nomen
1543 391 1873 462 permutes,
1905 378 1981 459 in.
2008 399 2261 458 quonam
2290 423 2305 453 7

258 488 495 548 essentia
523 484 602 541 rei
625 502 687 540 ac
730 488 933 537 natura
963 488 1212 557 spectata
1241 520 1256 548 7
1296 474 1489 533 differt
1530 476 1714 554 gratia*
1739 472 2021 532 sufficiens
2051 471 2308 530 Thomis-

258 595 444 642 tarum
470 570 1064 659 praedeterminatione
1091 569 1322 650 physica
1347 566 1616 626 destituta
1635 613 1650 641 7
1676 579 1742 625 ut
1768 566 2018 647 postulat
2038 570 2156 642 ejus
2182 587 2312 624 con-

257 685 448 754 ceptus
479 714 496 744 ,
525 691 557 727 a
583 668 761 748 gratia
803 684 978 746 parva
1025 659 1531 722 Jansenistarum?
1570 660 1635 718 40
1675 662 1822 719 Hinc
1854 659 2205 740 patefaciunt
2248 681 2314 719 ea

256 766 443 826 omnia
461 759 842 832 incommoda7
861 777 987 839 quae
1009 778 1078 814 ex
1098 777 1163 815 eo
1191 753 1489 837 profluunt
1508 776 1520 811 :
1549 756 1843 814 neminem
1864 754 2074 813 scilicet
2089 754 2319 834 operari

256 879 417 940 posse
441 856 604 915 aliter
627 900 641 928 7
666 875 837 935 quam
862 849 1148 932 quomodo
1180 859 1446 929 operatur
1470 873 1486 921 ς
1511 847 1878 928 impossibilia
1903 869 2023 907 esse
2051 848 2154 907 Dei
2176 869 2319 928 prae-

254 964 414 1033 cepta
441 952 506 1008 iis
543 949 841 1020 omnibus7
871 947 967 1026 qui
994 967 1058 1003 ea
1087 967 1206 1002 non
1240 954 1505 1015 servant3
1544 942 2009 1023 quandoquidem
2044 943 2174 1002 ideo
2196 964 2316 1001 non

255 1057 514 1117 servent,
561 1043 712 1123 quot]
749 1041 979 1122 physica
1021 1037 1618 1119 praedeterminatione
1664 1036 1924 1094 destituti
1963 1037 2128 1108 sint3
2176 1036 2322 1094 sicut

257 1140 408 1198 enim
435 1135 780 1218 impossibile
810 1145 893 1192 est
921 1179 936 1206 7
975 1134 1089 1190 imo
1122 1123 1376 1212 implicat
1411 1131 1671 1189 homines
1701 1128 1809 1187 hac
1838 1131 2142 1188 instructos
2181 1151 2324 1210 prae·

257 1244 416 1313 cepta
455 1254 572 1289 non
606 1249 831 1287 servare
855 1272 870 1302 7
909 1229 987 1285 ita
1020 1225 1276 1307 implicat
1316 1225 1518 1284 eadem
1554 1224 1769 1283 servari
1807 1222 1877 1282 ab
1922 1224 2000 1282 eis
2033 1268 2049 1298 7
2091 1225 2190 1304 qui
2226 1223 2325 1281 illa

257 1326 511 1383 destituti
549 1334 724 1394 suntz,
771 1343 943 1402 quam
986 1322 1221 1401 insuper
1262 1341 1366 1378 nec
1409 1331 1638 1400 optare7
1683 1338 1789 1376 nec
1829 1318 2019 1393 velle,
2069 1339 2176 1377 nee
2223 1318 2329 1375 im-

253 1429 478 1499 petrare
523 1427 760 1497 possunt
781 1461 796 1489 7
834 1437 964 1474 cum
997 1414 1057 1472 hi
1079 1436 1277 1472 omnes
1318 1425 1474 1471 actus
1506 1413 1875 1471 conferantur
1911 1411 1984 1470 ab
2028 1413 2151 1493 ipsa
2182 1433 2328 1493 prae-

256 1510 727 1570 determinatione
772 1509 1022 1589 physica.
1071 1510 1205 1567 Haec
1254 1507 1476 1588 aliaque
1513 1506 1788 1584 ejusmodi
1841 1527 1961 1564 non
2010 1526 2190 1586 pauca
2235 1506 2330 1563 in-

255 1604 549 1664 commoda
602 1615 942 1663 enumerant
984 1649 1000 1677 7
1046 1624 1171 1683 quae
1216 1603 1455 1683 quisque
1519 1622 1623 1683 per
1676 1622 1735 1659 se
1795 1611 1990 1659 mente
2037 1599 2332 1660 revolvere

262 1709 451 1779 potest
484 1698 587 1776 (1).
839 1694 842 1697 ’
1644 1716 1646 1719 ’
1792 1682 1795 1686 ’

340 1793 480 1850 312.
530 1794 779 1869 Pergunt
807 1790 1016 1849 deinde
1041 1789 1114 1849 ad
1141 1789 1491 1849 eliminanda
1512 1835 1527 1864 7
1559 1810 1686 1870 quae
1722 1788 1794 1847 ad
1815 1788 1924 1846 hoc
1951 1790 2198 1867 systema
2214 1787 2334 1846 sive

256 1885 743 1945 cohonestandum
802 1887 919 1946 sive
959 1885 1376 1944 adstruendum
1421 1885 1762 1943 afferuntur..
1808 1884 2036 1942 Etenim
2064 1928 2079 1957 7
2123 1883 2329 1957 aiunt7

256 1980 399 2038 nihil
428 2002 655 2060 prorsus
680 1980 899 2038 confert
937 1979 1008 2037 ad
1041 1980 1191 2038 illius
1230 1979 1623 2039 defensionem
1665 1977 1887 2036 subtilis
1918 1978 2209 2036 distinctio
2246 1977 2332 2034 in-

261 2086 346 2131 ter
378 2095 607 2131 sensum
634 2075 1012 2154 compositum
1037 2085 1095 2133 et
1130 2096 1361 2133 sensum
1389 2073 1656 2134 divisum.
1702 2072 1854 2145 Quid
1884 2073 2041 2131 enim
2069 2071 2175 2130 sibi
2208 2070 2334 2130 vult

260 2167 408 2225 illud
452 2173 518 2225 in
555 2189 724 2225 sensu
756 2174 1058 2247 composito
1080 2213 1095 2241 7
1128 2169 1237 2226 nisi
1273 2179 1555 2248 praesente
1584 2167 1761 2246 gratia
1798 2188 1916 2224 non
1953 2187 2118 2247 posse
2141 2165 2334 2223 homi-

261 2284 394 2319 nem
431 2283 592 2339 agere
621 2263 726 2319 nisi
756 2262 847 2336 id,
882 2262 953 2320 ad
973 2261 1127 2343 quod
1165 2261 1715 2343 praedeterminatur
1735 2260 1764 2319 ¹?
1791 2262 2001 2319 Verum
2044 2280 2176 2318 cum
2226 2258 2333 2318 ad-

257 2357 493 2413 struitur
526 2355 757 2414 libertas
775 2399 796 2427 ,
837 2356 1148 2414 adstruitur
1197 2357 1428 2437 praecise
1463 2355 1568 2414 sub
1618 2356 1812 2435 gratiae
1855 2356 2150 2428 motione3
2194 2353 2335 2435 quid

256 2449 465 2523 refert7
495 2450 624 2507 siin
651 2472 823 2509 sensu
865 2453 1051 2509 diviso
1078 2496 1094 2525 7
1134 2472 1346 2531 nempe
1393 2449 1629 2509 absente
1675 2450 1851 2529 gratia
1882 2495 1898 2524 7
1932 2449 2112 2530 possit
2164 2449 2334 2507 aliter
2423 2487 2429 2493 „

258 2564 418 2620 agere
444 2543 573 2620 (ΞΥ.)
597 2545 742 2603 Cum
785 2556 982 2603 tamen
1009 2546 1178 2603 Conc.
1205 2544 1610 2603 Tridentinum
1628 2589 1643 2618 7
1675 2564 1797 2625 cap.
1835 2545 1902 2617 V7
1943 2542 2143 2602 doceat
2168 2587 2183 2615 7
2227 2542 2333 2600 ho·-

258 2637 473 2693 minem
507 2658 669 2716 posse
699 2639 938 2715 gratiam
979 2660 1246 2720 respuere
1287 2665 1304 2697 .·
1349 2641 1582 2719 Quippe
1622 2644 1734 2717 qui
1761 2684 1777 2712 7
1803 2637 2029 2718 inquit7
2074 2639 2246 2696 illam
2281 2648 2337 2695 et
2427 2700 2430 2702 .

257 2730 510 2806 abjicere
526 2741 726 2807 potest.

338 2821 474 2879 313.
525 2825 830 2904 Perperam
865 2846 1035 2904 porro
1079 2826 1501 2907 Scripturarum
1542 2836 1641 2884 aut
1672 2828 1907 2884 Patrum
1962 2826 2330 2885 auctoritates

250 2914 619 2974 adducuntur
661 2917 735 2975 ad
772 2916 931 2977 idem
965 2918 1382 2978 adstruendum
1417 2931 1664 3000 systema
1688 2965 1704 2994 7
1744 2920 1901 3001 quod
1942 2919 2013 2978 ab
2070 2921 2330 3001 utrisque

329 3104 395 3167 ’(1)
428 3106 524 3155 Cfr.
555 3107 732 3156 Lessius
758 3143 786 3175 2.
810 3106 891 3156 De
937 3111 1097 3173 qratia
1134 3110 1251 3174 effic.
1332 3121 1482 3159 mente
1509 3111 1655 3161 Com>-
1681 3111 1825 3161 Tricl.
1853 3130 1950 3176 cap.
1972 3110 2006 3159 8
2033 3149 2046 3172 ‚
2077 3110 2168 3159 De
2191 3116 2336 3159 censu

253 3201 364 3248 cap.
382 3199 412 3230 2
429 3195 472 3233 et
495 3203 621 3252 seqq.
652 3192 895 3253 praesertim
919 3207 1018 3254 cap.
1047 3207 1106 3257 95
1136 3190 1252 3258 Sua·
1333 3194 1583 3258 composito
1626 3201 1670 3240 ee
1709 3193 1863 3241 diviso
1898 3193 2097 3250 Caluini
2134 3201 2182 3241 et
2210 3192 2333 3240 alio-

264 3282 336 3312 rez
356 3299 370 3322 ,
392 3264 469 3312 De
494 3265 660 3316 divina
686 3279 808 3332 qrat.
837 3281 954 3335 part.
985 3288 1048 3330 11,
1079 3270 1166 3319 lib.
1205 3275 1251 3320 v‘
1336 3289 1476 3331 rum;
1517 3290 1620 3338 quae
1648 3284 1765 3322 extat
1803 3275 1894 3322 vol.
1925 3292 1959 3322 n
1993 3274 2122 3322 Hine.
2161 3273 2330 3322 Contr.

263 3362 289 3393 a
316 3360 416 3408 cap.
445 3361 480 3410 9
503 3347 560 3394 ad
586 3364 687 3413 cap.
722 3348 785 3412 24
810 3367 824 3412 3
853 3351 1046 3400 Tricass-
1072 3369 1145 3416 op.
1169 3355 1249 3402 cit.
1332 3353 1389 3402 de
1417 3353 1620 3401 auxiliis
1647 3354 1906 3403 vindicata.
1931 3355 2032 3404 Cfr.
2067 3357 2202 3403 etiam
2219 3353 2326 3402 Car.

261 3441 310 3489 p.
336 3442 384 3473 m
402 3458 417 3484 ‚
450 3437 559 3475 sect.
584 3444 600 3475 ι
635 3440 678 3477 et
701 3446 732 3478 u
751 3467 766 3489 7
798 3430 826 3498 ᾗ
868 3448 884 3479 ι
913 3442 958 3480 et
981 3449 1111 3498 seqq.
1140 3433 1250 3482 Bas-
1333 3434 1398 3482 du
1412 3433 1574 3482 Plessis
1593 3432 1876 3497 d’Argentr67
1895 3452 1970 3500 op.
1985 3450 2093 3483 mox
2109 3435 2291 3483 citando
2317 3470 2331 3494 ‚

262 3505 358 3555 fida
376 3507 497 3571 apud
514 3507 665 3575 Meyer
682 3546 694 3570 ‚
716 3510 848 3559 Hist.
873 3521 1155 3563 controvers.
1193 3513 1250 3561 cle
1329 3531 1432 3578 cap.
1451 3511 1484 3576 4
1497 3548 1513 3574 ,
1536 3514 1613 3562 De
1630 3532 1772 3564 sensu
1799 3518 2050 3583 composito
2080 3524 2130 3580 et
2153 3515 2330 3573 diviso,
2419 3514 2430 3520 ⁴

255 3585 495 3659 auxiliis,
522 3587 609 3637 lib.
632 3606 703 3650 vn,
732 3607 830 3656 cap.
863 3591 942 3643 15.
1335 3604 1433 3642 tum
1454 3610 1555 3660 cap.
1587 3593 1639 3645 5.

326 3667 392 3728 (2)
426 3666 525 3717 cfr.
560 3668 661 3719 Liv.
702 3671 887 3737 Meyer,
922 3673 1032 3723 diss.
1072 3676 1153 3722 cit.
1177 3673 1255 3720 De
