2430 4056
331 213 493 252 nar.
543 216 584 251 1.
629 214 755 252 cu.
802 213 884 266 lv.v
931 184 1004 247 nn*
1044 212 1275 248 NATURA
1318 214 1384 250 m:
1426 212 1592 250 mvls.
1656 212 1826 250 anu.
1876 213 1995 251 Ero.
2127 191 2237 252 147

135 353 457 415 volendum
486 364 546 415 et
565 350 1040 434 amplectendum
1062 398 1079 427 ,
1103 352 1228 412 haec
1253 354 1377 435 ipsa
1406 355 1586 432 gratia
1610 355 1677 414 fit
1705 355 1905 415 efficax
1925 400 1942 430 ‚
1983 377 2115 415 cum
2138 378 2243 438 per

137 449 329 531 ipsum
347 470 461 508 una
476 469 608 508 oum
627 445 839 506 auxilio
867 457 1210 528 cooperante
1232 445 1542 507 reducatur
1565 448 1640 507 ad
1660 460 1864 508 actum
1889 451 2245 527 secundum,

139 555 207 603 ut
247 553 498 616 vocant,
530 563 632 600 seu
665 539 741 600 ad
779 540 1083 614 effectumt,
1123 542 1170 600 si
1204 563 1344 604 vero
1384 541 1573 602 eidem
1620 545 1847 603 resistat
1900 565 1964 603 ac
1998 544 2249 605 relucte-

138 650 237 698 tur
263 656 279 713 ,·
303 638 383 697 ita
407 647 472 695 ut
493 635 662 717 culpa
693 656 795 695 sua
827 657 957 698 eam
989 636 1346 698 inefficacem
1366 636 1608 714 reddat,
1637 639 1926 699 sufficiens
1956 652 2158 700 manet
2185 652 2248 701 et

139 732 356 812 absque
400 729 629 789 effectu.

219 825 358 885 322.
403 825 561 884 Licet
594 845 770 905 porro
806 825 869 883 in
901 824 1114 884 horum
1161 835 1472 905 systemate
1512 837 1673 884 actus
1703 827 2088 887 essentialiter
2122 851 2243 888 non

137 917 471 980 includatur
503 917 566 976 in
606 918 788 998 gratia
813 918 937 1001 ipsa
959 962 976 994 ‚
1007 917 1111 977 sed
1132 918 1323 977 eidem
1361 919 1718 978 extrinsecus
1744 921 1820 978 sit
1838 964 1855 994 ,
1882 932 2086 1001 utpote
2112 945 2250 1004 pro-

138 1027 301 1112 prius
343 1026 659 1087 voluntatis
704 1048 736 1085 a
778 1027 959 1108 gratia
1002 1037 1320 1108 praeventae
1364 1037 1424 1085 et
1466 1025 1721 1105 adjutae,
1767 1049 1890 1085 non
1934 1030 2124 1087 omnis
2167 1042 2251 1090 ta-

140 1145 281 1184 men
324 1123 505 1202 gratia
534 1121 768 1203 aequalis
808 1133 896 1181 est
923 1146 939 1195 .·,
969 1120 1076 1180 sed
1107 1119 1219 1179 alia
1255 1131 1343 1179 est
1379 1119 1491 1179 alia
1516 1122 1754 1196 fortior,
1797 1122 1906 1181 alia
1947 1123 2056 1182 alia
2092 1125 2154 1182 in
2190 1147 2251 1185 se

140 1219 411 1280 vividior.
468 1218 703 1291 Quoties
750 1210 997 1300 proinde
1044 1219 1199 1275 Deus
1244 1218 1546 1276 constituit
1596 1221 1932 1300 quempiam
1986 1220 2250 1281 absolute

142 1324 485 1374 convertere
507 1357 522 1386 ,
553 1311 715 1371 illam
754 1312 998 1392 gratiam
1031 1310 1223 1370 eidem
1256 1311 1635 1392 impertitur5
1674 1314 1764 1371 cui
1807 1336 1913 1395 per
1944 1316 2266 1396 praescien-.

143 1410 287 1469 tiam
322 1430 487 1467 suam
511 1409 712 1480 novit,
753 1427 891 1466 eum
920 1405 1305 1466 infallibiliter
1334 1418 1392 1465 et
1428 1406 1610 1466 libere
1649 1428 2085 1469 consensurum.
2140 1412 2256 1470 Ιη-

140 1505 485 1583 fallihz'liter
502 1500 738 1583 quidem
753 1547 769 1577 ,
792 1501 1048 1582 alioquin
1063 1503 1214 1559 Deus
1230 1501 1291 1559 in
1313 1502 1551 1559 scientia
1574 1523 1675 1559 sua
1699 1501 1996 1561 falleretur
2019 1530 2033 1577 ς
2052 1506 2255 1579 libere,

117 1628 119 1633 2
150 1601 283 1681 quia
304 1643 321 1673 .,
349 1618 483 1656 cum
505 1596 628 1656 haec
648 1596 965 1657 infallibilis
991 1596 1239 1675 cognitio
1257 1607 1417 1654 actus
1444 1596 1627 1655 futuri
1650 1642 1666 1671 a
1693 1618 2051 1679 consequens
2080 1599 2260 1679 logice

153 1714 253 1752 seu
281 1690 485 1751 ordine
510 1691 584 1750 sit
613 1690 686 1749 ad
726 1690 970 1750 liberam
997 1692 1305 1772 praevisam
1328 1690 1582 1749 hominis
1618 1691 1961 1752 electionem
2005 1693 2113 1752 sub
2158 1693 2262 1753 tali

153 1788 332 1866 gratia
358 1829 381 1858 ,
407 1785 569 1845 nulla
606 1786 830 1865 exurgit
853 1785 1140 1863 ejusmodi
1172 1806 1437 1844 assensus
1476 1787 1785 1844 necessitas
1829 1787 1939 1845 nisi
1972 1787 2263 1869 hypothe-

152 1881 286 1939 tica.
322 1882 402 1938 Ex
429 1880 520 1938 his
547 1890 808 1954 constat,
836 1884 1002 1957 juxta
1039 1880 1148 1938 hoc
1179 1891 1429 1958 systema
1456 1880 1655 1958 gratiae
1692 1880 2004 1939 efficaciam
2043 1882 2262 1941 infalli-

152 1973 334 2034 bilem
355 1996 390 2033 a
412 1973 635 2032 duobus
661 1994 935 2052 exurgere
954 2017 970 2046 ,
1002 1984 1061 2032 et
1091 1994 1122 2031 a
1151 1973 1369 2033 virtute
1405 1974 1686 2033 nimirum
1717 1978 2046 2034 intrinseca
2082 1977 2262 2058 ipsius
2319 1999 2322 2002 ·

151 2071 350 2150 gratiae
384 2081 666 2151 tanquam
696 2090 729 2127 a
765 2068 1052 2150 principio
1093 2068 1281 2130 activo
1301 2113 1317 2143 .,
1359 2079 1420 2127 et
1449 2090 1482 2127 a
1507 2069 1748 2128 scientia
1779 2071 1886 2129 Dei
1907 2082 2192 2153 tanquam
2230 2094 2262 2130 a

149 2165 433 2247 principio
453 2164 754 2224 directivo·.

239 2260 378 2319 323.
425 2261 547 2319 Hae
572 2260 833 2333 ratione,
862 2256 1220 2317 concludunt
1248 2258 1350 2339 qui
1384 2256 1519 2317 huic
1543 2258 1848 2319 sententiae
1876 2258 2254 2341 adstipulan-

153 2367 277 2429 tur,
313 2365 464 2414 sarta
500 2364 651 2413 tecta
693 2354 965 2433 dogmata
1000 2351 1136 2412 fidei
1178 2349 1471 2412 catholicae
1512 2351 1809 2411 habentur
1848 2352 1920 2412 de
1956 2355 2266 2433 gratuitate

155 2462 216 2511 et
249 2450 593 2510 necessitate
626 2449 821 2529 gratiae
857 2447 1132 2509 adversus
1166 2446 1500 2527 Pelagianos
1549 2468 1614 2507 ac
1649 2448 2134 2529 Semipelagianos
2155 2496 2171 2525 7
2202 2473 2267 2522 ac

157 2545 231 2606 de
269 2544 541 2606 libertate
567 2544 821 2604 hominis
850 2543 959 2603 sub
995 2544 1188 2624 gratiae
1227 2543 1486 2602 motione
1529 2537 1806 2602 adversus
1851 2546 2171 2605 Novatores
2206 2558 2267 2606 et

161 2643 519 2703 Jansenistas
543 2668 560 2717 ς
581 2642 729 2701 mira
758 2641 1008 2723 denique
1042 2640 1230 2701 elucet
1251 2640 1446 2721 gratiae
1467 2639 1708 2699 efficacis
1734 2650 1794 2699 et
1823 2639 1991 2701 liberi
2015 2640 2267 2703 hominis

162 2755 475 2814 consensus
502 2736 807 2798 concordia
841 2737 952 2817 (l).

245 2831 385 2891 324.
431 2831 760 2892 Consonam
802 2852 941 2892 vero
965 2853 1086 2892 esse
1130 2830 1287 2890 hanc-
1307 2829 1635 2889 doctrinam
1658 2830 1840 2888 Sacris
1865 2830 2095 2890 Litteris
2116 2876 2133 2905 ,
2170 2830 2269 2891 illa

136 2979 139 2981 ,
164 2927 362 2986 omnia
384 2927 717 2987 testimonia
739 2927 1021 2989 evincunt
1050 2972 1065 3002 ,
1091 2948 1223 3008 quae
1247 2924 1492 2986 libe-ram
1520 2924 1775 2983 hominis
1799 2926 2270 3005 cooperationem

168 3032 510 3104 supponunt
547 3043 612 3081 ac
642 3021 959 3104 praedicant
1004 3043 1096 3082 ex.
1155 3043 1243 3101 gr.
1295 3020 1665 3081 Mundemus
1697 3039 1802 3077 nos
1847 3020 1927 3077 ab
1968 3024 2137 3078 omni
2170 3026 2273 3083 in-

170 3120 556 3195 quinamento
617 3121 824 3175 carnis
871 3127 927 3175 et
972 3120 1227 3196 spiritus
1245 3157 1264 3191 ,-
1311 3115 1683 3194 perficientes
1739 3115 2272 3193 sanctificationem

171 3214 242 3269 in
269 3214 476 3275 timore
496 3213 619 3273 Dei
644 3211 757 3292 (ΙΙ.
792 3210 922 3270 Cor.
952 3213 1054 3271 Vll
1080 3256 1096 3285 ,
1120 3210 1151 3270 1
1176 3209 1238 3290 );
1269 3210 1707 3271 convertimini
1731 3210 1817 3267 ad
1844 3230 1935 3267 me
1959 3210 1984 3290 (
2012 3211 2084 3269 Is,
2101 3213 2269 3287 XLV,

169 3303 286 3376 223
314 3300 527 3364 Jeremss
558 3307 760 3366 XXXV
780 3305 930 3383 ,153
959 3305 1199 3366 Zachar.
1231 3306 1256 3364 Ι
1285 3349 1303 3379 ,
1346 3304 1462 3384 3)-;
1514 3304 1615 3362 Sz'o
1651 3307 1880 3364 currite
1916 3316 1986 3364 ut
2016 3318 2276 3385 compre·

171 3398 444 3457 hendatz‘s
461 3398 502 3477 ι(
515 3401 539 3457 Ι
575 3400 705 3459 Cor.
749 3402 825 3460 IX
844 3439 868 3478 ,-
899 3400 1060 3480 24);
1096 3402 1218 3460 Dei
1253 3400 1554 3477 adjutores
1592 3420 1802 3458 sumus
1833 3398 1954 3479 (ib.
2002 3402 2083 3460 ΙΙΙ
2104 3447 2120 3476 ,
2153 3401 2272 3480 9);

179 3493 329 3553 Cum
353 3499 560 3553 timore
594 3506 647 3554 ct
679 3507 926 3556 tremore
955 3499 1206 3556 salutem
1229 3507 1486 3554 vestram
1515 3500 1860 3576 operamini
1881 3495 2165 3580 (Philipp.
2201 3500 2275 3573 ΙΙ,

247 3683 317 3747 (l)
348 3684 449 3735 cfr.
478 3683 673 3736 Bellam.
702 3687 783 3736 De
811 3667 935 3752 qrat‘.
968 3695 1013 3735 et
1042 3685 1132 3736 lib.
1171 3685 1276 3736 arb.
1304 3685 1389 3735 lib.
1419 3698 1462 3748 1,
1489 3702 1590 3751 cap.
1637 3701 1715 3735 12.

1178 3767 1182 3770 ’
1872 3765 1991 3830 10„
