2430 4056
513 172 633 218 cAr.
683 175 745 212 ιι.7
792 173 862 211 nn
905 171 1391 210 sscnsnsn'ronnn
1433 173 1487 209 n.
1531 173 1583 209 L.
1634 170 1974 211 struem-nius.
2146 151 2262 212 325

191 331 528 390 cognoscere
564 312 756 393 cupit,
799 302 894 368 eos
935 310 1101 369 adeat
1138 310 1242 390 (1).
1278 313 1392 370 Nos
1427 310 1663 370 interim
1702 310 1971 374 adversus
2001 297 2133 371 fidei
2163 305 2258 371 ca-

174 404 409 464 ·tholicae
442 426 631 465 osores
653 414 955 485 sequentes
982 405 1399 486 propositiones
1433 407 1754 464 statuimus,

975 594 1379 673 PRoPosmo
1417 621 1461 673 1.

186 764 574 823 Sacramenta
596 762 667 822 N
663 783 778 820 ovoe
799 763 967 841 Legis
992 783 1112 820 non
1138 772 1281 820 sunt
1302 766 1580 820 instituta
1610 764 1697 820 aa'
1721 765 1905 822 solam
1929 766 2105 843 fidem
2136 787 2256 825 nu-

253 856 554 915 triendam
569 898 590 927 ,
630 858 732 914 sed
750 861 1051 915 continent
1071 860 1374 934 qratiam,
1405 877 1590 932 quam
1617 859 1989 935 siqnificant,
2012 880 2256 937 eamque

249 971 369 1008 non
385 951 748 1029 ponentibus
782 951 999 1008 obicem
1028 952 1348 1026 conferunt
1362 969 1430 1006 ea·
1459 969 1625 1027 opere
1657 961 1915 1027 operato.

248 1122 348 1181 49.
395 1124 494 1180 Est
525 1124 648 1181 haec
677 1122 990 1204 propositio
1027 1119 1099 1179 de
1139 1119 1251 1179 fide
1289 1120 1485 1202 quoad
1522 1143 1722 1181 omnes
1751 1144 1879 1199 suas
1915 1134 2108 1204 partes
2130 1169 2145 1196 ‚
2191 1135 2256 1182 ut

168 1228 394 1275 constat
417 1238 489 1276 ex
509 1228 755 1298 quatuor
786 1213 1100 1274 canonibus
1130 1216 1304 1273 Conc.
1336 1214 1656 1274 Tridentini
1677 1261 1692 1286 ,
1724 1237 1860 1275 sess.
1897 1218 1996 1275 VII
2014 1261 2029 1289 ,
2052 1218 2149 1297 qui
2175 1218 2254 1276 ita

165 1332 227 1369 se
251 1310 472 1370 habent
506 1333 520 1369 :
553 1312 691 1370 Can.
724 1312 769 1368 V
811 1332 824 1367 ι
853 1311 924 1368 Si
943 1313 1078 1390 quis
1102 1310 1325 1366 diaerit
1345 1311 1472 1383 hoec
1499 1312 1882 1369 Sacramenta
1895 1323 2143 1390 propter
2162 1332 2255 1370 so·-

163 1407 288 1463 lam
292 1406 473 1481 fidem
493 1405 882 1462 nutriendam
899 1407 1174 1461 instituta
1191 1406 1381 1480 fuisse
1383 1447 1404 1473 ,
1424 1405 1742 1462 anathema
1764 1409 1865 1462 sit.
1885 1405 2023 1462 Can.
2054 1406 2120 1462 VI
2147 1426 2161 1461 2
2183 1406 2254 1462 Si

168 1503 306 1577 quis
344 1501 567 1557 dixerit
579 1542 600 1569 ,
646 1500 1034 1557 Sacramenta
1066 1497 1248 1556 Novoe
1279 1498 1445 1576 Le9is
1475 1518 1593 1555 non
1631 1503 1924 1555 continere
1940 1502 2210 1576 qratiam
2231 1547 2245 1570 ‚

121 1621 122 1625 ¹
163 1615 346 1671 quam
360 1595 704 1672 significant
714 1637 737 1664 ,
752 1603 862 1650 aut
873 1597 1138 1671 qratiam
1154 1595 1351 1669 ipsam
1375 1613 1495 1649 non
1498 1594 1860 1670 ponentibus
1883 1594 2103 1650 obicem
2124 1613 2245 1650 non

164 1691 428 1764 conferre
444 1716 466 1759 ,
483 1692 664 1766 quasi
683 1691 853 1766 signa
877 1697 1113 1744 tantum
1136 1696 1378 1743 eoeterna
1393 1690 1517 1744 sint
1528 1697 1774 1765 acceptae
1785 1707 1901 1765 per
1917 1687 2249 1765 fidemyra-
2332 1709 2336 1715 ·

163 1785 258 1840 tiae
286 1783 374 1853 vel
394 1773 643 1857 justitiae
671 1823 692 1851 ,
734 1792 787 1837 et
817 1791 965 1838 notoe
991 1781 1265 1857 quaeolam
1293 1781 1643 1854 christianes*
1663 1784 2088 1858 professionis,
2111 1785 2249 1858 qui-

163 1875 277 1933 hus
297 1876 469 1952 apud
485 1875 748 1932 homines
776 1875 1209 1932 discernuntur
1220 1874 1415 1951 fideles
1437 1876 1514 1932 ab
1532 1875 1870 1951 infidelibus
1882 1916 1903 1944 ,
1927 1875 2251 1932 anathema

161 1971 256 2027 sit.
303 1968 441 2026 Can.
481 1969 579 2049 Vll
610 1990 622 2024 :
660 1968 733 2024 Si
754 1969 1147 2044 quis'dioeerit
1167 1990 1285 2025 nou
1316 1969 1460 2025 dari
1479 1974 1746 2046 qratiam
1758 1989 1875 2046 per
1902 1969 2250 2044 hujusmodi

159 2063 547 2121 Sacramenta
581 2082 839 2140 semper,
874 2071 928 2118 et
968 2062 1244 2118 omnihus
1258 2104 1281 2130 ,
1324 2072 1620 2139 quantum
1659 2072 1741 2118 est
1778 2082 1847 2118 ea·
1870 2072 2048 2140 parte
2088 2064 2205 2121 Dei
2230 2107 2247 2137 ,

14 2202 24 2215 .
100 2151 104 2154 ’
159 2161 396 2214 etiamsi
403 2161 515 2213 rite
534 2177 601 2215 ea
621 2158 988 2233 suscipiant,
1013 2156 1114 2213 sed
1133 2156 1458 2233 aliquando
1477 2166 1530 2212 et
1553 2157 1859 2233 aliquibus
1877 2178 1899 2222 ,·
1926 2157 2246 2215 anathema

159 2254 253 2309 sit.
273 2251 412 2308 Can.
444 2249 610 2326 VIII‘:
631 2250 704 2306 Si
719 2253 854 2326 quis
874 2245 1098 2305 dixerit
1110 2269 1227 2325 per
1246 2255 1379 2326 ipsa
1393 2248 1464 2306 N
1460 2269 1576 2306 ovoe
1590 2254 1754 2327 Leqis
1770 2250 2157 2307 Sacramenta
2175 2272 2246 2307 ea·

159 2364 325 2422 opere
357 2353 589 2421 operato
632 2362 753 2399 non
786 2344 1049 2419 conferri
1076 2346 1345 2421 ‚qratiam
1360 2384 1380 2411 ,
1426 2343 1527 2399 sed
1569 2344 1756 2400 solam
1804 2345 1980 2421 fidem
2020 2346 2244 2403 divinoe

149 2440 572 2517 promissionis
599 2437 681 2493 ad
701 2439 971 2514 qratiam
1002 2437 1467 2513 consequendam
1485 2436 1776 2513 sufficere,
1795 2438 2115 2495 anatliema
2143 2444 2237 2497 sit.

242 2531 337 2589 50.
364 2531 452 2588 Sic
464 2551 636 2611 porro
654 2531 956 2591 veritatem
972 2539 1183 2610 nostrae
1198 2530 1606 2610 propositionis
1623 2528 1968 2588 adstruimus
1996 2554 2007 2588 :
2038 2534 2237 2591 Sacra-

160 2635 357 2684 menta
380 2627 554 2684 Novae
576 2625 732 2703 Legis
757 2645 877 2681 non
901 2633 1040 2680 sunt
1053 2624 1314 2680 instituta
1341 2623 1412 2681 ad
1429 2622 1801 2682 solamfidem
1828 2625 2200 2684 nutriendam
2220 2671 2242 2701 ‚

159 2718 259 2778 sed
298 2720 597 2778 continent
616 2719 854 2799 gratiam
884 2762 899 2791 a
928 2739 1101 2798 quam
1127 2719 1449 2795 significant
1468 2762 1483 2791 ,
1519 2739 1759 2798 eamque
1788 2719 2092 2778 conferunt
2120 2742 2243 2781 non

160 2811 509 2895 ponentibus
550 2811 771 2872 obicem
797 2857 813 2887 ,
845 2823 904 2871 et
941 2811 1175 2892 quidem
1199 2833 1267 2870 ex
1293 2826 1464 2893 opere
1493 2823 1728 2893 operato
1756 2857 1771 2887 ‚
1802 2834 1902 2871 seu
1935 2835 2003 2872 ex
2027 2815 2242 2874 virtute

161 2907 269 2967 sihi
289 2907 458 2966 insita
482 2918 540 2967 et
561 2907 792 2988 propria
822 2951 837 2981 ,
871 2907 918 2964 si
931 2907 1237 2987 Scripturae
1258 2951 1273 2980 ‚
1304 2908 1498 2965 Patres
1526 2951 1541 2980 ,
1575 2927 1639 2965 ac
1658 2917 1968 2987 perpetuus
1992 2907 2244 2988 denique

229 3099 296 3162 (l)
331 3097 400 3146 De
416 3107 534 3146 statu
555 3098 814 3162 quaestionis
836 3095 917 3153 cfr.
937 3095 1150 3143 Bellarm.
1242 3105 1314 3142 tur
1333 3096 1606 3142 sententiam
1640 3094 1997 3143 T'homistarum.
2025 3095 2113 3145 Pro
2136 3114 2243 3147 sen.-

162 3177 243 3228 De
263 3176 479 3236 Sacram,
510 3179 594 3227 lib.
617 3195 654 3226 1.
687 3194 790 3242 cap.
828 3193 873 3226 1.
896 3176 1027 3224 Circa
1048 3192 1158 3223 con·
1238 3177 1381 3224 tentia
1397 3178 1620 3223 contraria
1642 3176 1726 3224 cfr.
1744 3176 1948 3242 Vasqucz
1962 3210 1978 3238 ,
1998 3180 2049 3225 in
2066 3195 2105 3226 ι.
2119 3189 2243 3244 part.
2266 3164 2276 3169 -

164 3262 426 3310 troversiam
462 3259 775 3309 scholasticam
815 3247 898 3324 pro
935 3259 1157 3306 sententia
1238 3256 1286 3304 S.
1315 3256 1404 3304 Th.
1433 3256 1552 3321 disp.
1590 3255 1683 3322 176
1702 3256 1882 3322 3‘Card.
1909 3258 2035 3324 Lugo
2055 3296 2068 3316 ,
2101 3259 2152 3310 S.
2185 3260 2233 3310 J.

86 3408 90 3411 ῃ
166 3343 223 3392 de
266 3357 412 3389 causa
446 3340 648 3417 physica
700 3340 786 3389 cfr.
831 3342 951 3387 inter
989 3348 1158 3386 ceteros
1237 3337 1319 3385 De
1334 3336 1631 3386 Sacrament.
1660 3339 1781 3403 disp.
1808 3354 1875 3400 ιν,
1890 3349 2001 3389 sect.
2022 3339 2086 3405 53
2110 3341 2244 3390 Fras-

163 3424 429 3473 Drouenius·
450 3457 465 3481 ,
511 3421 591 3470 De
632 3438 682 3469 re
743 3418 1117 3468 sacramentaria
1142 3453 1159 3479 ‚
1244 3436 1325 3468 sen
1353 3416 1671 3472 O.M.Scotus
1685 3419 2018 3483 Academicus,
2038 3432 2146 3470 tom.
2168 3433 2241 3482 nt,

165 3505 251 3559 lib.
273 3522 292 3552 1
313 3542 327 3566 ‚
349 3521 450 3569 cap.
470 3518 499 3549 2
521 3502 713 3566 3Suarez
729 3504 779 3550 in
795 3501 981 3567 3.part.
1008 3500 1056 3549 S.
1072 3499 1165 3548 Th.
1248 3500 1421 3563 disput.
1467 3501 1717 3566 prooemiali
1749 3537 1763 3562 ,
1808 3511 1898 3554 art.
1950 3518 1970 3552 1
2005 3539 2019 3564 ‚
2069 3519 2115 3568 q.
2161 3517 2189 3549 2
2228 3538 2245 3563 ,

167 3603 217 3652 q.
251 3582 316 3634 62
336 3623 351 3648 ,
379 3586 495 3649 disp.
520 3599 580 3649 9.,
607 3592 715 3632 sect.
746 3598 766 3630 1
798 3592 844 3632 et
868 3598 897 3630 2
917 3618 931 3640 ,
957 3583 1037 3648 qui
1067 3591 1169 3630 tue·
1253 3579 1403 3630 concl.
1438 3582 1488 3630 2.
