2540 4074
280 211 359 271 28
783 248 786 250 -
1038 225 1231 269 ruer.
1273 229 1342 267 ns
1380 228 1610 267 canu.

282 385 429 436 state
465 372 540 433 ad
567 372 835 435 veritates
859 368 1276 449 cognoscendas
1294 414 1312 443 7
1333 368 1409 430 ad
1431 380 1572 451 quas
1593 369 1891 430 ordinatus
1920 381 2006 432 est
2025 415 2041 445 7
2065 368 2366 431 hominem

282 469 507 553 lapsum
531 467 717 526 adhuc
746 464 961 547 pollere
982 508 998 537 7
1032 457 1153 523 non
1189 463 1512 522 inficiamur
1537 489 1554 537 ς
1581 485 1787 524 verum
1818 464 1940 524 haec
1963 458 2083 539 non
2113 463 2324 526 sufficit
2346 508 2363 539 7

282 588 415 627 cum
444 563 708 646 expedita
734 582 852 619 non
885 560 959 618 sit
990 604 1007 634 7
1038 580 1102 618 ac
1134 556 1335 617 multis
1358 558 1792 618 difficultatibus
1828 561 1901 618 sit
1934 564 2312 640 circumsepta
2346 605 2363 634 7

283 659 487 742 quibus
516 655 781 715 omnibus
809 652 1148 734 superandis
1175 651 1359 710 multo
1373 674 1517 732 opus
1546 659 1807 733 tempore
1829 699 1845 728 7
1865 652 2061 713 labore
2079 699 2094 728 7
2124 652 2325 732 vigiliis
2344 696 2362 727 7

280 765 345 812 ut
374 750 722 833 experientia
747 747 1034 821 ostendit3
1071 768 1140 805 ex
1173 768 1286 827 qua
1314 757 1593 828 praeterea
1622 747 1896 806 discimus
1917 794 1933 823 7
1975 748 2070 808 vel
2101 749 2254 829 ipsos
2279 769 2365 806 sa-

277 848 500 929 pientes
527 855 658 926 post
680 842 935 925 plurium
976 840 1299 901 seculorum
1315 852 1554 899 conatus
1576 863 1880 922 nunquam
1905 864 1972 902 eo
2002 843 2379 924 pervenisse7l

279 951 345 998 ut
367 939 670 999 veritatem
699 935 985 996 erroribus
1023 935 1206 1016 iisque
1229 935 1573 1014 gravissimis
1606 935 1931 995 immunem
1961 934 2359 1016 cognoverint,

278 1034 497 1094 Deinde
532 1054 761 1114 semper
792 1032 955 1090 deest
983 1030 1238 1108 ejusdem
1266 1029 1340 1088 ad
1365 1030 1545 1088 officia
1581 1031 1828 1111 practica
1857 1030 2203 1111 applicati03
2236 1049 2367 1110 quae

279 1142 345 1190 ut
367 1132 476 1189 rite
504 1131 602 1187 fiat
622 1174 636 1202 7
673 1127 838 1187 novis
873 1124 1172 1186 conatibus
1206 1136 1265 1184 et
1291 1124 1735 1184 eluctationibus
1761 1147 1904 1206 opus
1929 1136 2035 1184 est.
2070 1123 2328 1183 Theoriae
2347 1167 2363 1198 7

277 1237 344 1284 ut
375 1225 557 1298 aiunt7
598 1243 662 1280 ac
704 1222 915 1281 mentis
950 1220 1223 1279 humanae
1267 1218 1595 1279 molitiones
1642 1220 2048 1301 pulcherrimae
2082 1241 2207 1278 non
2234 1239 2365 1277 raro
2394 1248 2398 1252 -

280 1330 456 1391 sunt·
493 1316 656 1376 brevi
681 1326 879 1374 tamen
921 1315 1388 1397 experimentum
1426 1336 1519 1374 eas
1559 1315 1786 1374 evertit.
2415 1386 2420 1390 .

358 1412 453 1469 52.
499 1410 586 1470 Ad
616 1411 720 1486 ΞΜ,
763 1409 909 1488 Νρ9.
933 1414 1300 1488 Ρανίςίαιρηι
1329 1431 1462 1468 cum
1494 1409 1669 1468 bruta
1700 1408 1962 1469 sensibus
1989 1421 2047 1468 et
2080 1408 2366 1468 instinctu

276 1504 590 1565 necessario
632 1515 908 1583 agantur7
938 1517 997 1561 at
1021 1504 1196 1563 homo
1235 1526 1359 1585 per
1363 1499 1543 1585 ipsam
1571 1505 1856 1590 rationem
1883 1503 2031 1562 liber
2063 1505 2131 1562 fit
2151 1524 2323 1583 7quae
2346 1546 2364 1576 7

276 1611 477 1681 utpote
506 1599 673 1657 certis
715 1597 927 1656 finibus
962 1597 1256 1670 conclusa7'
1293 1620 1414 1656 non
1451 1618 1688 1656 omnem
1720 1599 2030 1658 veritatem
2059 1597 2316 1676 agnoseit
2345 1621 2362 1669 ς

277 1693 433 1752 unde
458 1704 514 1751 et
538 1692 710 1750 horno
735 1692 926 1772 pravis
945 1691 1353 1772 cupiditatibus
1376 1692 1629 1751 irretitus
1660 1692 1757 1751 illa
1778 1738 1793 1767 7
1826 1692 1972 1751 heu!
2004 1693 2210 1773 saepius
2230 1737 2247 1766 7
2281 1691 2368 1749 ni·

278 1789 384 1847 mis
410 1808 586 1868 prave
608 1788 810 1844 utitur.
845 1786 1200 1867 Cupiditates
1226 1788 1382 1846 enim
1400 1831 1416 1860 7
1448 1787 1736 1845 institutio
1758 1833 1774 1861 7
1809 1788 2114 1845 auctoritas
2141 1796 2364 1845 cetero-

284 1904 413 1943 rum
445 1882 781 1954 hominum7
828 1882 1139 1960 anticipata
1175 1882 1387 1958 judicia
1423 1902 1549 1939 eam
1580 1902 1731 1962 saepe
1756 1882 1833 1939 ita
1867 1880 2217 1940 labefactant
2243 1925 2259 1955 7
2297 1890 2366 1938 ut

278 1999 482 2039 verum
505 1976 835 2055 dignoscere
864 1996 984 2032 non
1009 1974 1217 2034 valeat.
1242 1974 1504 2032 Subsidio
1532 1975 1777 2057 proinde
1801 1970 2226 2054 indiget'homo
2256 2019 2271 2048 7
2297 1984 2365 2032 ut

277 2084 430 2131 recte
459 2070 683 2130 incedat
707 2115 721 2143 7
748 2081 806 2128 et
826 2069 901 2127 ad
928 2070 1104 2127 finem
1130 2090 1300 2127 suum
1328 2081 1482 2127 certo
1505 2070 1828 2151 perveniat.
1857 2071 1973 2128 Nec
2002 2069 2055 2128 ei
2079 2069 2214 2127 satis
2238 2078 2362 2138 est,

277 2178 344 2225 ut
369 2169 553 2224 Deum
598 2175 893 2244 cognoscat
918 2176 975 2222 et
1011 2163 1191 2221 officia
1226 2162 1508 2242 generalia
1532 2209 1546 2237 7
1579 2163 1785 2244 quibus
1816 2163 2227 2241 adstringitur3
2260 2159 2364 2220 sed

276 2249 505 2319 necesse
533 2261 766 2341 insuper
801 2270 921 2332 est7
959 2270 1024 2317 ut
1060 2259 1184 2318 haec
1218 2261 1280 2316 in
1324 2258 1655 2339 particulari
1692 2270 1992 2338 cognoscat
2022 2279 2086 2316 ac
2118 2259 2228 2317 rite
2254 2279 2364 2339 ap-

275 2355 467 2438 plicet.
509 2355 630 2413 Hoc
668 2375 840 2435 porro
868 2376 1011 2434 opus
1042 2399 1056 2428 7
1096 2353 1186 2412 hic
1214 2353 1377 2412 labor
1410 2365 1515 2413 est.
1790 2343 1795 2348 ⁶

364 2449 459 2507 53.
510 2447 596 2507 Ad
621 2447 737 2522 31117
790 2449 963 2507 Cone.
1009 2460 1196 2507 antec.
1227 2459 1284 2507 et
1323 2470 1450 2529 neq.
1492 2470 1647 2508 cons,
1680 2450 1891 2531 Utique
1913 2449 2058 2508 ratio
2086 2449 2161 2508 ad
2185 2449 2368 2507 instar
2450 2498 2453 2501 .

278 2542 509 2601 seminis
536 2554 659 2614 est,
694 2542 860 2623 >quod
885 2543 1207 2622 germinare
1233 2541 1406 2602 debet
1426 2589 1439 2617 7
1459 2554 1520 2602 ut
1535 2545 1931 2605 maturitatem
1949 2544 2193 2623 attingat
2220 2569 2236 2617 ς
2264 2543 2365 2603 sed

279 2647 346 2695 ut
383 2637 667 2715 germinet
685 2682 701 2710 7
730 2637 1041 2717 requiritur
1065 2638 1258 2716 gratiae
1298 2637 1651 2713 subsidium,
1683 2638 1838 2720 quod
1865 2639 1978 2697 nisi·
2003 2650 2214 2720 praesto
2252 2639 2326 2697 sit
2345 2684 2361 2714 7

280 2731 472 2789 tenuia
506 2729 602 2788 illa
630 2731 752 2811 ipsa
785 2732 1063 2813 principia
1103 2732 1265 2792 facile
1305 2745 1581 2792 corruunt
1619 2755 1684 2793 ac
1726 2755 1905 2815 prave
1943 2732 2363 2808 inflectunturt,

281 2837 339 2885 et
381 2825 600 2884 nedum
643 2825 716 2883 ad
747 2836 1004 2905 optatam
1034 2827 1446 2908 perfectionem
1485 2831 1851 2910 pertingant,
1899 2840 2217 2890 extremam
2256 2827 2366 2887 sibi

281 2921 590 3000 perniciem
610 2922 986 2980 consciscunt.
1016 2924 1145 2980 Non
1175 2921 1338 2982 aliter
1355 2924 1518 2984 navis
1543 2969 1558 2997 7
1584 2925 1690 2988 etsi
1707 2924 1939 3005 optimis
1964 2924 2367 2982 instrumentis

283 3013 557 3073 instructa
593 3016 679 3078 sit,
703 3015 779 3074 ad
803 3037 963 3076 mare
1004 3017 1444 3095 trajiciendum,
1473 3018 1583 3076 nisi
1623 3017 1695 3077 ab
1724 3030 1963 3098 *experto
2005 3017 2369 3100 nauta-diri-J
2453 3058 2455 3060 v

286 3119 456 3187 gatur
473 3153 488 3181 7
527 3121 624 3167 aut
639 3110 703 3169 in
727 3122 909 3191 syrtes
937 3111 1153 3172 incidet
1172 3158 1189 3187 7
1227 3125 1327 3173 aut
1364 3112 1439 3172 ad
1463 3113 1728 3196 scopulos
1759 3135 1821 3174 se
1843 3112 2035 3173 illidet
2056 3113 2164 3194 (l).

353 3311 415 3374 (1)
451 3311 672 3360 Nonnulli
692 3323 920 3375 auctores,
948 3325 999 3363 ut
1023 3332 1069 3364 se
1107 3305 1282 3365 abbae
1363 3333 1471 3366 cum
1506 3318 1767 3367 habituram
1817 3319 1960 3368 fuisse*
2003 3310 2330 3385 in'hypothesi
2351 3356 2366 3378 7

285 3392 551 3442 difficultate
591 3395 861 3459 expediant,
895 3400 1125 3447 recurrere
1170 3415 1282 3447 con·
1363 3400 1490 3466 quod
1514 3400 1640 3449 Deus
1666 3401 1904 3449 hominem
1932 3401 2129 3450 noluerit
2146 3401 2266 3450 dono
2294 3402 2370 3448 in·

286 3483 534 3522 sueverunt
563 3475 621 3522 ad
646 3475 856 3524 humanae
887 3489 1062 3526 naturae
1083 3479 1281 3528 infirmi·
1363 3481 1518 3530 debito
1556 3484 1832 3547 integritatis
1873 3483 2136 3543 adstruere,
2175 3491 2220 3530 et
2259 3490 2373 3529 tune

286 3562 425 3602 tatem
446 3591 459 3614 ‚
505 3570 606 3622 quae
650 3573 702 3604 ex
737 3557 867 3622 lapsu
910 3561 1163 3623 primorum
1198 3579 1282 3625 pa·
1365 3574 1613 3611 recurreret
1657 3564 1817 3612 eadem
1851 3563 2096 3612 difficultas
2131 3562 2369 3610 solvenda.

286 3645 468 3684 rentum
520 3641 745 3702 provenit.
808 3638 889 3687 Ast
950 3641 1000 3688 hi
1051 3643 1138 3706 ipsi
1188 3660 1283 3691 non
1365 3642 1565 3695 sienim
1595 3645 1750 3698 demas
1781 3646 2006 3694 nonnulla
2036 3643 2334 3694 accidentalia
2355 3681 2370 3704 7

287 3717 530 3767 advertunt
544 3755 558 3780 7
591 3720 795 3771 eamdem
818 3721 1176 3773 imbecillitatem
1210 3724 1284 3773 lo·
1365 3727 1523 3777 eadem
1544 3727 1700 3778 suisset
1717 3729 1920 3779 conditio
1939 3729 2141 3793 hominis
2162 3744 2257 3781 non
2280 3727 2374 3776 ele-
