2540 4074
267 208 342 268 44

1014 223 1206 266 TRAGT.
1254 225 1322 262 DE
1367 224 1599 262 GRATIA-

349 370 446 429 85.
491 371 546 429 S.
592 367 852 428 Justinus
893 364 1222 438 contendit,
1263 384 1479 425 novam
1517 384 1640 422 non
1674 383 1797 423 esse
1832 362 2171 444 religionem
2207 359 2354 420 chri-

269 466 511 525 stianam
533 507 550 539 ‚
594 472 767 543 prout
817 458 1040 518 Ethnici
1060 504 1075 532 ,
1111 457 1320 540 quibus
1361 457 1673 538 respondet
1708 503 1724 531 ,
1765 454 2174 539 opponebant,
2221 477 2352 515 cum

269 582 300 618 a
328 560 535 619 Divino
580 554 796 630 Verb0,
830 554 918 613 cui
958 553 1375 634 participarunt
1412 560 1698 632 quotquot
1738 563 1895 611 recta
1937 553 2162 610 ratione
2203 550 2354 609 bene

269 654 355 712 usi
394 662 567 723 sunt,
605 649 912 707 dimanarit
942 668 1115 706 omne
1157 667 1382 707 verum.
1430 646 1640 704 Vocem
1674 646 1847 724 igitur
1895 646 2229 706 Christiani
2251 645 2356 702 im-

267 747 495 828 proprie
538 766 601 803 ac
642 744 797 823 larga
836 743 1249 822 significatione
1292 739 1595 822 usurpavit
1636 741 1689 799 S.
1725 743 1942 820 Martyr
1987 741 2094 822 (l).

349 841 443 898 86.
491 839 754 898 Clemens
800 837 958 896 Alex.
1000 837 1062 894 in
1099 835 1356 894 adductis
1398 834 1587 896 verbis
1625 833 1712 892 nil
1739 833 1896 894 aliud
1929 835 2089 908 vult,
2125 836 2236 894 nisi
2259 836 2356 894 in-

268 933 453 992 dicare
499 944 755 995 veterem
798 930 1222 1013 philosophiam
1261 929 1557 989 exordium
1605 949 1669 987 ac
1714 928 1894 988 veluti
1930 928 2356 1010 praeambulum

267 1027 438 1087 fuisse
474 1027 768 1086 sanctioris
808 1025 1092 1105 religionis
1118 1070 1133 1099 ,
1177 1045 1391 1105 nempe
1435 1023 1793 1096 cliristianaeg
1844 1024 1935 1082 cui
1976 1023 2356 1105 philosophia

270 1121 692 1202 quodammodo
735 1121 882 1180 viam
905 1121 1105 1180 stravit
1126 1164 1142 1195 ‚
1170 1119 1343 1178 duros
1376 1130 1434 1178 et
1464 1129 1709 1197 agrestes
1733 1118 1962 1176 animos
1974 1116 2323 1199 expoliendo
2343 1163 2357 1190 ,

269 1225 328 1275 et
359 1215 465 1274 hac
500 1216 718 1273 ratione
758 1215 933 1293 magis
961 1213 1196 1273 idoneos
1238 1212 1535 1272 reddendo
1561 1212 1633 1271 ad
1656 1211 2082 1295 suscipiendam
2109 1233 2362 1291 evange—

269 1308 502 1387 gelicam
533 1308 1018 1389 praedicationem.
1061 1310 1196 1367 Haec
1243 1319 1439 1367 autem
1475 1307 1620 1366 nihil
1661 1307 1882 1366 habent
1921 1329 2053 1366 cum
2102 1306 2216 1365 fide
2260 1318 2361 1365 aut

269 1403 474 1461 merito
515 1414 614 1460 aut
648 1403 1052 1480 justificatione
1091 1424 1440 1475 commune,
1487 1425 1619 1462 cum
1661 1425 1782 1461 non
1817 1403 1933 1460 sint
1973 1402 2086 1461 nisi
2123 1401 2361 1484 disposi-

215 1494 219 1501 ”
270 1495 451 1555 tiones
476 1540 494 1569 ,
537 1507 605 1554 ut
649 1508 894 1574 vocant,
938 1498 1218 1576 negativae
1260 1497 1365 1577 (2).
1395 1498 1542 1556 Hinc
1585 1498 1885 1576 videmUS,
1935 1511 1999 1557 ut
2042 1498 2363 1579 plurimum

267 1730 410 1778 quam
434 1715 480 1761 si
501 1730 603 1761 eam
623 1712 752 1762 nullo
772 1720 974 1779 tempore
992 1716 1261 1763 tenuissent.

270 1795 438 1843 Verum
483 1806 525 1843 et
572 1796 657 1843 hoc
698 1798 865 1860 pariter
908 1797 1262 1860 improbandum

270 1886 333 1924 est
351 1911 367 1937 ,
407 1878 492 1923 nisi
529 1894 629 1924 eam
662 1877 877 1926 adhibeas
908 1879 1264 1927 animadversio-

269 1974 373 2005 nem
394 1992 410 2018 ,
434 1974 568 2022 quam
594 1958 801 2006 Petavius
827 1958 1037 2023 subjicit,
1057 1958 1137 2007 De
1160 1958 1264 2008 Deo

270 2037 353 2086 lib.
381 2055 454 2097 ιχ,
481 2055 580 2103 cap.
611 2037 675 2102 4,
700 2057 753 2089 n.
781 2038 811 2089 5
839 2049 882 2087 et
909 2038 960 2089 6.

339 2122 406 2181 (l)
448 2119 539 2167 Cfr.
599 2119 776 2169 Maran.
837 2118 988 2185 Praef.
1043 2122 1096 2168 in
1154 2137 1263 2186 opp.

269 2197 327 2248 S.
366 2202 495 2249 Just.
530 2203 645 2266 part.
675 2219 708 2248 11
730 2239 743 2262 ‚
777 2219 879 2267 cap.
911 2219 937 2269 7
958 2238 973 2263 ‚
1015 2222 1062 2250 n.
1095 2203 1156 2263 5,
1187 2202 1267 2251 ubi

247 2281 318 2331 «8.
354 2283 602 2349 Martyrcm
629 2285 836 2349 pluribus
860 2288 1032 2351 egregie
1064 2287 1268 2335 defendit

269 2383 294 2413 a
320 2368 481 2430 quavis
506 2370 777 2431 suspicione.

337 2448 402 2509 (2)
437 2447 534 2512 Quo
567 2460 736 2512 spectat
765 2467 921 2498 sensus
956 2452 1116 2515 prioris
1142 2451 1230 2498 loci
1252 2485 1266 2511 ,
1303 2448 1305 2450 ’

272 2531 352 2594 qui
367 2529 567 2594 objectus
581 2541 645 2577 est
660 2548 673 2578 ε
690 2530 993 2596 Quamquam
1001 2549 1092 2596 per
1102 2549 1149 2579 se
1162 2548 1270 2595 quo·

272 2627 362 2675 que
377 2609 630 2673 aliquando
650 2610 840 2659 Groecos
842 2613 1140 2677 justificabat
1151 2613 1266 2678 phi-

272 2691 497 2758 losophia.
537 2692 606 2739 Ad
637 2694 812 2757 plenius
840 2704 991 2742 tamen
1021 2713 1268 2760 assequen-

274 2776 384 2823 dum
401 2791 667 2839 germanum
678 2791 862 2823 sensum
880 2785 976 2823 tum
988 2775 1013 2823 J
1020 2779 1155 2823 ustini
1171 2787 1270 2824 tum

275 2856 520 2905 Clementis
541 2893 555 2916 ‚
579 2857 1035 2906 animadvertendum
1068 2866 1135 2906 est
1152 2894 1165 2919 ‚
1195 2876 1270 2907 eos

275 2940 553 2987 existimasse
600 2939 933 3003 philosophiam
980 2941 1102 3005 apud
1119 2950 1271 3004 gentes

277 3018 398 3065 idem
437 3022 685 3082 praestitisse
702 3055 718 3080 ‚
766 3022 892 3086 quod
939 3023 1146 3086 praestitit
1200 3023 1271 3070 lex

278 3098 400 3162 apud
421 3097 661 3163 Hebraeos3
684 3099 799 3149 dum
821 3103 985 3153 functa}
1005 3113 1112 3151 sunt
1131 3102 1271 3151 veluti

279 3197 469 3228 munere
495 3181 727 3246 paedagogi
755 3183 811 3230 ad
837 3170 1066 3231 Christum
1097 3182 1271 3233 ducen-

279 3263 355 3309 tis.
383 3260 503 3309 Hinc
523 3262 790 3325 adstruunt,
837 3274 1075 3330 utramque
1096 3266 1270 3314 donum

277 3339 364 3389 Dei
382 3342 518 3390 fuisse
534 3380 546 3403 ,
564 3343 669 3391 licet
684 3343 816 3407 longe
835 3345 962 3394 aliter
982 3346 1104 3394 Deus
1126 3347 1271 3396 duxe-

277 3423 337 3470 rit
349 3421 560 3471 Hebraeos
572 3442 710 3488 quam
729 3425 934 3488 gentiles.
951 3425 1026 3474 Sic
1037 3430 1159 3476 enim
1170 3446 1273 3476 rur-

278 3521 380 3551 sum
404 3503 639 3563 Clemens,
666 3523 767 3570 pag.
797 3505 886 3554 331
911 3543 924 3566 ‚
949 3507 1097 3556 allatis
1122 3510 1269 3557 verbis

279 3601 333 3633 ex
370 3584 509 3634 Prov.
544 3600 579 3632 11
603 3622 615 3644 ,
656 3586 684 3633 3
721 3597 767 3635 et
797 3605 926 3653 seqq.
970 3587 1105 3635 Deus
1140 3591 1270 3637 enim

279 3665 361 3713 dat
383 3665 680 3731 Sapientiam
709 3683 766 3714 ex
795 3683 872 3715 ore
894 3684 979 3715 suo
1008 3678 1052 3716 ct
1079 3685 1270 3718 sensum

1345 1714 1495 1763 simul
1521 1725 1564 1763 et
1584 1715 1898 1781 prudentiam
1917 1754 1930 1777 ‚
1959 1724 2004 1763 et
2016 1717 2173 1782 justis
2208 1717 2365 1765 instar

1345 1797 1562 1845 thesauri
1595 1797 1812 1845 recondit
1847 1796 2124 1858 auxilium,
2156 1796 2313 1846 subdit
2341 1815 2355 1846 τ

1344 1875 1422 1925 Iis
1443 1880 1569 1926 enim
1585 1914 1597 1937 ,
1614 1880 1701 1942 qui
1729 1895 1760 1925 a
1796 1877 2109 1945 Philosophia
2122 1879 2358 1945 fuereju-

1347 1961 1544 2024 stificati
1556 1994 1571 2018 ‚
1607 1959 1847 2008 auxilium
1874 1961 2147 2009 reconditur
2165 1978 2219 2009 ea
2241 1978 2358 2025 quo-

1346 2059 1435 2107 que
1457 2045 1700 2090 consensio
1718 2081 1730 2101 ,
1754 2060 1858 2107 quoe
1887 2042 2017 2090 ducit
2046 2042 2111 2089 ad
2129 2044 2358 2108 pietatem

1349 2126 1406 2172 in
1448 2123 1631 2173 Deum.
1674 2123 1831 2189 Atque
1874 2133 1975 2171 erat
2016 2123 2208 2187 quidem
2247 2130 2358 2171 ante

1351 2205 1560 2253 Domini
1573 2205 1832 2254 adventum
1850 2202 2160 2270 Philosophia
2178 2202 2361 2256 Graecis

1349 2289 1618 2335 necessaria
1646 2287 1711 2334 ad
1727 2288 1979 2352 justitiam
1992 2307 2011 2345 ‚·
2038 2303 2170 2334 nunc
2200 2294 2361 2334 autem

1349 2379 1417 2417 est
1440 2368 1577 2416 utilis
1606 2368 1671 2415 ad
1690 2371 1921 2434 pietatem
1940 2406 1951 2426 ‚
1986 2370 2070 2417 cui
2095 2370 2360 2416 necessario

1343 2450 1679 2515 praemittenda
1706 2458 1774 2497 est
1804 2450 1863 2498 ab
1894 2452 1961 2497 iis
1980 2486 1994 2510 ,
2017 2451 2104 2514 qui
2125 2448 2271 2513 fidem
2302 2465 2362 2496 ea·

1351 2531 1751 2579 demonstratione
1760 2534 2060 2596 percipiunt.
2071 2566 2101 2579 ..
2122 2529 2362 2578 Omnium

1351 2616 1480 2661 enim
1518 2614 1750 2661 bonorum
1788 2611 1919 2660 Deus
1957 2620 2026 2660 est
2062 2629 2209 2660 causa
2231 2633 2250 2670 ,·
2281 2613 2365 2661 sed

1351 2695 1555 2743 aliorum
1575 2694 1769 2759 quidem
1780 2693 2127 2760 principaliter
2139 2732 2151 2755 ‚
2168 2705 2220 2742 ut
2243 2694 2363 2743 Tes-

1352 2779 1555 2825 tamenti
1583 2775 1774 2824 Veteris
1792 2785 1837 2824 et
1850 2775 1981 2824 Novi
1999 2814 2011 2836 ,
2039 2775 2244 2824 aliorum
2272 2792 2363 2823 au-

1350 2868 1443 2907 tem
1472 2868 1571 2925 per
1591 2859 1978 2924 consequentiam
2002 2896 2015 2917 ,
2050 2860 2177 2907 sicut
2198 2856 2363 2924 philo-

1351 2941 1591 3007 sophiae...
1634 2940 1766 2989 Nam
1809 2941 1916 3005 ipsa
1952 2956 2133 3004 quoque
2171 2938 2365 2987 Graecos

1345 3021 1602 3086 poedaqoqi
1641 3038 1769 3069 more
1814 3021 2046 3082 ducebat,
2091 3023 2220 3069 sicut
2261 3021 2365 3070 Lea·

1352 3102 1583 3151 Hebraeos
1636 3104 1700 3150 ad
1741 3101 2007 3151 Christum.
2068 3102 2178 3151 Vid.
2219 3113 2366 3152 textus

1353 3184 1603 3234 Clementis
1623 3222 1635 3244 ,
1657 3185 1716 3232 ad
1734 3184 1903 3232 calcem
1919 3184 2183 3232 voluminis.
2203 3184 2365 3251 Neque

1353 3267 1514 3315 abhoc
1529 3269 1663 3314 sensu
1690 3264 1870 3313 abludit
1888 3267 1982 3329 ipse
2007 3265 2201 3314 Gerard.
2222 3265 2362 3314 Joan.

1354 3346 1566 3406 Vossius,
1583 3346 1718 3395 Hist.
1745 3345 1803 3393 de
1829 3349 2159 3395 controversiis
2196 3346 2362 3411 Pelaq.

1354 3427 1504 3492 Lugd.
1539 3428 1697 3476 Batav.
1730 3423 1856 3474 1618
1879 3465 1891 3485 ,
1920 3426 1998 3475 lib.
2023 3443 2107 3486 ιιι,
2137 3447 2242 3493 pag.
2279 3444 2361 3489 m,

1351 3509 1466 3557 thes.
1481 3526 1543 3557 xi.
1566 3508 1780 3557 Ceterum
1795 3511 1919 3557 idern
1933 3509 2165 3570 Clemens,
2184 3511 2361 3557 Strom.

1350 3587 1434 3637 lib.
1466 3606 1500 3636 ιι
1524 3626 1536 3649 ,
1577 3600 1705 3638 vocat
1744 3590 1885 3638 fidem
1940 3589 2105 3657 πρώτην
2150 3589 2364 3657 σωτηρίοις

1352 3675 1483 3721 νεῦσιν
1502 3706 1518 3733 ‚
1541 3673 1758 3737 primam
1786 3671 1955 3720 salutis
1983 3671 2365 3722 inclinationem.
