2540 4074
578 182 737 218 PART.
787 182 827 217 1.
875 181 996 218 cst.
1039 181 1107 216 11.
1154 181 1221 217 »Ε
1266 180 1485 218 cunm
1528 179 1910 220 NECESSITATE.
2207 166 2297 223 '69

203 325 398 380 cerint
419 366 435 394 7
472 328 606 380 ποκ’
632 321 853 399 absque
875 323 1136 380 mercede
1164 323 1283 381 Dei
1290 323 1541 401 judicio
1564 328 1898 403 praeteriri.
1934 324 2104 384 Unde
2120 336 2174 384 et
2192 347 2307 405 por

200 419 529 477 Jeremiam
563 415 1109 474 Nabuchodonosor
1142 418 1414 475 columba
1461 419 1583 476 Dei
1625 420 1998 497 appellatur7
2044 441 2106 477 eo
2145 422 2306 497 quod

201 512 516 569 adversum
543 511 839 588 populum
857 522 1227 588 peccatorem
1269 513 1390 571 Dei
1420 515 1694 570 servierit
1719 515 2018 586 voluntati
2046 513 2154 592 (l).
2185 516 2302 572 De-

201 605 377 684 nique
399 602 670 662 eumdem
702 624 896 683 regem
935 605 1141 665 Daniel
1181 606 1453 664 excitavit
1484 606 1558 665 ad
1586 606 1977 687 eleemosynas
2002 652 2018 681 7
2056 607 2252 668 dicens
2281 632 2302 668 .·

199 699 452 756 Peccata
494 707 613 755 tua
645 699 1018 777 eleemosynis
1059 702 1283 758 redime
1309 743 1331 772 ,
1376 711 1431 758 et
1483 706 1832 779 iniquitates
1886 713 2021 761 tuas
2062 709 2304 762 miseri-

196 793 416 850 cordiis
432 794 784 870 pauperum
813 794 921 874 (2).
948 795 1134 874 Atque
1152 839 1168 868 7
1205 804 1270 852 ut
1299 804 1486 853 cetera
1512 795 1777 854 omittam
1798 841 1813 870 7
1845 795 1946 854 lib.
1987 799 2011 855 Ι
2035 797 2300 857 Machab.

196 906 321 967 cap.
343 886 473 944 VIII
494 931 510 961 7
545 885 912 946 celebrantur
934 889 1178 948 virtutes
1211 889 1625 946 Romanorum.
1654 890 1788 947 Jam
1813 910 1949 948 vero
1970 935 1986 962 7
2018 891 2067 948 si
2107 892 2305 950 ethni-

196 1005 394 1042 corum
428 1005 529 1043 seu
570 983 895 1043 infidelium
923 1006 1097 1066 opera
1123 984 1368 1042 totidem
1397 995 1629 1065 peccata
1655 996 1849 1043 essent
1878 1030 1893 1059 7
1929 989 2079 1044 Deus
2100 1009 2300 1047 remu-

195 1089 433 1137 neratus
483 1090 634 1136 esset
696 1089 926 1159 peccata
967 1123 983 1152 7
1038 1079 1332 1159 Scriptura
1377 1099 1578 1136 eorum
1628 1090 1860 1160 peccata
1918 1079 2263 1141 celebrasset
2283 1128 2298 1153 7

192 1184 426 1254 peccata
452 1172 862 1246 consuluissem
903 1194 1030 1253 quae
1059 1173 1216 1231 dictu
1240 1173 1421 1254 impia
1444 1185 1581 1231 sunt
1607 1184 1665 1233 et
1695 1173 2058 1255 blasphema.
2093 1178 2298 1236 Faten-

193 1267 334 1325 dum
374 1269 554 1349 igitur
595 1279 681 1327 est
715 1313 729 1342 7
762 1289 929 1348 posse
962 1267 1265 1326 hominem
1296 1267 1524 1349 lapsum
1544 1313 1560 1344 7
1603 1279 1918 1350 antequam
1962 1284 2299 1352 assequatur

188 1362 325 1421 fidei
379 1362 599 1420 donum
629 1406 645 1436 7
687 1383 859 1443 opera
912 1362 1255 1420 naturaliter
1304 1362 1549 1421 honesta
1602 1365 1913 1444 perficere,
1953 1386 2059 1424 nec
2100 1366 2295 1426 omnia

188 1457 368 1538 ipsius
400 1479 575 1539 opera
604 1457 851 1517 totidem
887 1478 1009 1516 esse
1047 1467 1300 1538 peccata.

274 1553 405 1610 141.
451 1553 786 1610 Doctrinam
836 1551 1231 1610 Lutheranam
1281 1563 1339 1610 et
1375 1553 1796 1612 Jansenianam
1842 1556 2039 1613 Patres
2077 1555 2295 1635 pariter

188 1656 464 1705 evertunt
482 1691 497 1720 7
534 1645 674 1704 dum
704 1668 809 1727 pro
836 1656 993 1705 certo
1036 1656 1276 1703 sumunt
1297 1691 1312 1720 7
1337 1645 1409 1703 ab
1442 1646 1772 1706 infidelibus
1798 1670 1972 1729 opera
1995 1649 2292 1709 moraliter

184 1737 339 1798 bona
371 1738 671 1798 interdum
699 1740 856 1815 fieri,
897 1739 1037 1798 dum
1070 1761 1167 1798 eos
1200 1738 1275 1798 ob
1309 1739 1433 1798 haec
1459 1741 1582 1820 ipsa
1606 1763 1776 1821 opera
1811 1742 2054 1801 laudant
2078 1788 2093 1817 7
2119 1743 2293 1802 dum—

185 1854 297 1912 que
329 1832 403 1891 ob
438 1833 560 1900 haec
583 1834 709 1913 ipsa
749 1855 781 1891 a
819 1836 938 1892 Deo
967 1833 1384 1914 temporalibus
1410 1836 1658 1914 praemiis
1697 1858 1791 1894 eos
1824 1837 2057 1895 affectos
2092 1850 2291 1918 aperte

181 1926 411 1986 docent.
459 1929 593 1987 Haec
627 1950 802 2009 porro
834 1929 1031 1987 omnia
1068 1929 1141 1987 de
1174 1928 1501 1987 infidelium
1537 1931 1809 2009 operibus
1848 1931 2028 1989 tradit
2064 1934 2121 1990 S.
2165 1934 2286 1992 Au·-

179 2024 439 2102 gustinus
470 2068 485 2096 7
513 2023 642 2103 qui7
660 2022 963 2104 disputans
983 2022 1259 2083 adversus
1286 2024 1321 2080 J
1326 2022 1587 2080 ulianum
1605 2070 1619 2098 7
1637 2023 1869 2083 scribit:
1900 2026 2136 2103 Quanto
2152 2049 2283 2107 erqo

98 2137 104 2141 ’
179 2118 548 2176 tolerabilius
569 2119 738 2191 illas7
770 2139 922 2197 quas
953 2119 1106 2176 dicis
1131 2121 1199 2175 in
1224 2121 1433 2196 impiis
1458 2140 1570 2177 6336
1602 2123 1852 2177 virtutes
1874 2164 1889 2193 7
1915 2121 2121 2179 divino
2147 2143 2280 2181 uzu-

180 2218 316 2271 rzeri
344 2216 548 2290 potius
587 2234 772 2291 quam
815 2234 1023 2272 eorum
1058 2213 1350 2271 tribueres
1383 2215 1795 2272 tautummodo
1830 2216 2126 2273 voluntati
2154 2216 2287 2296 (3)?

179 2306 248 2364 Et
269 2318 469 2388 postea
498 2329 510 2364 :
541 2308 644 2366 Ea·
672 2328 787 2385 quo
823 2310 1155 2386 colliqitur7
1187 2311 1368 2364 etiam
1402 2313 1536 2386 ipsa
1566 2310 1720 2366 bona
1764 2330 1941 2387 opera
1962 2354 1977 2383 7
2019 2332 2153 2387 quoe
2175 2313 2283 2387 fa-

175 2406 346 2460 ciunt
378 2403 638 2480 infideles
667 2445 687 2473 ,
723 2423 842 2459 non
873 2407 1153 2481 ‘ipsorum
1191 2423 1304 2459 6336
1333 2445 1354 2471 ,
1399 2404 1501 2459 sed
1536 2405 1703 2462 illius
1749 2411 1866 2481 qui
1904 2405 2043 2461 bene
2080 2409 2282 2462 utitur

80 2555 88 2579 7
174 2498 354 2555 malis
381 2495 490 2575 (4).
527 2497 637 2554 Pro
676 2506 833 2554 certo
864 2496 1038 2574 igitur
1056 2493 1234 2553 habet
1255 2496 1310 2552 S.
1343 2497 1588 2569 Doctor7
1624 2496 1886 2555 infideles
1913 2496 2102 2578 aliqua
2123 2496 2280 2557 bona

179 2610 351 2670 opera
376 2611 649 2672 peragere
670 2636 686 2665 7
715 2591 981 2672 quamvis
1008 2591 1111 2649 Dei
1135 2589 1349 2648 auxilio
1366 2590 1627 2668 adjutos·
1652 2590 1802 2650 Alibi
1827 2613 1965 2651 vero
1981 2591 2276 2672 duplicem

175 2682 530 2764 distinguens
568 2684 908 2744 charitatem
941 2684 1204 2744 divinam
1249 2696 1307 2743 et
1345 2684 1700 2760 humanam7
1744 2696 1801 2744 et
1845 2685 2012 2748 hanc,
2037 2708 2272 2746 rursum

173 2778 235 2835 in
271 2777 484 2837 licitam
508 2791 568 2839 et
593 2779 887 2854 illicitam7
935 2781 1014 2838 sic
1057 2778 1396 2837 exhortatur
1429 2778 1665 2861 plebem
1705 2779 1814 2838 sibi
1848 2782 2212 2840 commissam
2253 2804 2266 2840 :

175 2873 375 2932 Liceat
398 2876 560 2934 vohis
590 2875 863 2934 humana
885 2876 1176 2933 charitate
1211 2875 1456 2954 diliyere
1480 2880 1753 2955 conjuyes
1775 2921 1797 2949 7
1821 2876 2064 2954 diligere
2082 2876 2236 2954 filios
2247 2911 2288 2947 ,ν

170 2969 415 3048 diliyere
452 2973 673 3028 amicos
709 2980 920 3028 vestros
938 3012 959 3040 ,
994 2971 1240 3049 diliyere
1266 2975 1416 3028 cives
1439 2981 1669 3028 vestros.
1708 2971 1933 3028 Omnia
1960 2975 2122 3028 enim
2153 2973 2271 3028 ista

170 3067 420 3123 uomina
473 3066 927 3124 necessitudinis
972 3065 1192 3122 habeut
1257 3066 1571 3123 vinculum
1623 3075 1676 3121 et
1715 3065 1924 3143 yluten
1966 3065 2267 3143 quoddam

169 3157 501 3217 charitatis.
534 3160 652 3217 Sed
674 3161 883 3218 videtis
902 3203 918 3233 7
944 3161 1116 3217 illam
1132 3160 1486 3219 charitatem
1511 3180 1625 3216 6336
1648 3180 1813 3237 posse
1826 3170 1881 3218 et
1895 3163 2228 3239 impiorum
2249 3203 2265 3234 7

101 3248 103 3250 ξ
170 3254 375 3325 idest,
407 3276 795 3336 paganorum
808 3299 830 3328 ,
855 3258 905 3316 J
905 3257 1216 3316 udoeorum
1261 3267 1314 3315 et
1354 3257 1770 3314 hoereticorum
1797 3252 1905 3336 (5).
1942 3256 2096 3336 Ergo
2124 3276 2264 3314 cen-

234 3458 308 3521 (l)
345 3457 451 3506 Lib.
480 3475 526 3506 ix
546 3497 560 3519 7
589 3461 656 3507 In
685 3458 871 3510 Ezeck.
902 3461 989 3511 loc,
1019 3463 1099 3510 cit.
1127 3512 1130 3515 ,
1321 3459 1386 3523 (le)
1425 3459 1553 3508 Ibid.
1587 3476 1640 3508 n.
1670 3459 1762 3508 ¹32.

237 3541 305 3604 (2)
337 3539 462 3588 Dan.
489 3557 536 3588 iv
551 3576 568 3602 ,
606 3539 690 3605 24.
902 3535 903 3538 ¹
1323 3538 1395 3604 (ὅ)
1419 3539 1571 3588 Serm.
1593 3555 1800 3602 cocum,
1820 3539 1900 3590 De
1913 3548 2056 3607 temp.
2075 3556 2209 3605 capp.
2237 3556 2256 3586 1
2283 3564 2285 3566 ·

234 3621 304 3686 (8)
333 3620 779 3672 Conululiamlib.
798 3639 989 3689 1v,cap.
1007 3623 1068 3685 3,
1095 3622 1170 3672 16.
1255 3627 1302 3671 et
1334 3639 1384 3672 2.
