2430 4056
283 211 397 277 164

1020 223 1213 261 macr.
1256 224 1324 261 BR
1365 225 1588 262 anun.

355 371 492 435 349.
536 366 622 426 Ad
663 365 741 422 1¹1¹
775 362 940 444 prob.
984 363 1138 424 Diet.
1174 362 1284 419 Pro
1315 371 1484 422 certo·
1506 362 1682 421 sumit
1705 363 1765 420 S.
1807 361 2186 444 AugustinuS,
2217 363 2339 423 dari

275 463 663 546 disparitatem
702 458 853 518 inter
896 455 1135 533 gratiam
1187 453 1436 511 hominis
1473 455 1793 515 innocentis
1829 447 1892 514 ac
1931 454 2075 535 lapsi
2107 500 2123 528 ,
2180 457 2338 536 quod

279 576 486 635 nempe
526 551 621 610 illa
657 549 830 609 fuerit
863 547 1257 606 illustrationis
1310 556 1368 604 et
1418 545 1538 609 haec
1585 544 1870 628 praeterea·
1903 548 2292 630 inspirationis
2321 594 2339 625 .,

279 670 461 718 cone.;
499 643 652 725 quod
679 643 764 701 illi
806 641 990 700 resisti
1019 640 1335 720 potuisset,
1379 640 1471 697 isti
1512 661 1648 703 vero
1671 664 1791 702 non
1826 643 2039 724 possit,
2079 664 2206 722 neq.

357 741 492 803 350.
535 736 621 801 Ad
644 736 748 808 2¹1¹,
798 737 959 795 Dist.v
1008 734 1092 802 lta
1121 743 1186 790 ut
1214 752 1317 812 per
1353 733 1726 810 adjutorium
1755 740 1882 797 sine
1915 758 2029 816 quo
2066 737 2343 817 significet

275 838 331 897 S.
369 837 574 892 Doctor
610 830 846 908 gratiam
883 826 1278 890 illustrationis
1315 836 1374 885 et
1410 846 1516 906 per
1554 828 1923 905 adjutorium
1953 853 2067 910 quo
2100 833 2343 911 gratiam

275 924 660 1008 inspirationis
686 967 701 997 ‚
732 942 855 1003 quae
889 919 1305 1002 praedestinatis
1348 919 1567 980 tribuat
1602 921 1786 1002 ipsam
1822 923 2104 987 actualem
2151 947 2342 1006 perse-

273 1021 591 1083 verantiam
625 1062 641 1091 a
681 1038 864 1088 conat,
908 1015 1146 1093 gratiam
1183 1013 1613 1076 indifferentem
1649 1026 1708 1074 et
1750 1019 1989 1094 gratiam
2030 1018 2215 1080 solum
2255 1020 2342 1081 ef-

276 1117 504 1174 ficacem
532 1133 638 1192 pro
664 1122 841 1169 status
869 1107 1199 1168 diversitate
1228 1151 1244 1180 ,
1267 1128 1393 1186 neq.
1419 1109 1732 1189 Responsio
1754 1120 1915 1189 patet
1945 1131 2013 1172 ex
2035 1110 2198 1170 dictis
2227 1112 2336 1191 (l).

353 1207 488 1267 351.
535 1197 662 1281 Obj‘.
709 1203 894 1262 tertia.
942 1204 1047 1261 Pro
1084 1221 1334 1280 quanam
1368 1203 1562 1280 ‘gratia
1596 1204 1939 1285 pugnaverit
1986 1205 2044 1263 S.
2085 1205 2344 1284 Augusti-

261 1399 487 1447 inferiusss
507 1394 634 1442 Ecce
665 1432 677 1453 ‚
707 1410 797 1457 qao
829 1401 871 1440 te
904 1400 1094 1451 teneas,
1117 1390 1182 1437 ad
1207 1388 1260 1437 id
1340 1400 1461 1440 terea
1503 1391 1620 1440 illud
1661 1394 1829 1456 passim
1875 1393 2071 1457 appellat
2109 1394 2286 1443 clavem
2318 1428 2333 1449 ‚

269 1477 392 1543 quod
435 1484 592 1523 manet
634 1477 690 1522 in
734 1482 978 1522 aeternum.
1032 1470 1160 1520 Nam
1194 1470 1257 1519 ad

262 1560 450 1624 foenum
475 1565 519 1603 et
545 1556 607 1603 ad
619 1557 795 1620 florem
813 1555 935 1618 foeni
956 1555 1002 1600 si
1037 1562 1079 1600 te
1096 1562 1255 1599 tenue-

268 1642 368 1700 ris,
406 1640 627 1701 quoniam
646 1637 827 1700 soenum
866 1642 1063 1693 arescet,
1102 1641 1146 1680 et
1147 1631 1256 1699 flos

269 1720 474 1779 decidet,
519 1718 720 1765 destruet
761 1725 805 1763 te
847 1715 984 1762 Deus
1017 1717 1072 1761 in
1109 1715 1255 1777 finem

266 1803 351 1863 (n.
385 1816 439 1845 ιο
458 1804 501 1846 et
533 1799 636 1859 12).
662 1797 751 1845 Ubi
780 1796 1010 1844 evidenter
1025 1798 1254 1843 omnimo-

266 1881 369 1928 dam
398 1879 591 1927 liberam
620 1879 884 1926 electionem
910 1878 1021 1925 boni
1044 1886 1119 1924 aut
1147 1877 1253 1925 mali

262 1960 314 2009 S.
356 1960 522 2011 Doctor
561 1959 895 2018 commendat,
937 1967 983 2006 et
1024 1960 1253 2022 propriam

265 2040 467 2088 hominis
521 2041 942 2088 determinationem
999 2038 1057 2086 ad
1105 2055 1252 2091 unum

268 2138 420 2169 eorum
450 2138 528 2185 per
567 2120 662 2169 haec
704 2120 841 2168 verba
888 2136 901 2167 τ
934 2127 988 2166 tu
1005 2120 1252 2186 praeponis

266 2212 311 2249 et
335 2218 423 2265 quo
452 2210 493 2249 te
510 2210 681 2250 teneas.
713 2201 961 2248 Etrursum
978 2202 1025 2247 in
1058 2199 1130 2246 Ps.
1156 2215 1247 2257 xer,

264 2299 315 2328 n.
360 2282 388 2328 3
429 2298 442 2329 :
484 2282 719 2342 Satanas,
766 2281 917 2345 inquit
957 2316 970 2337 ‚
1022 2281 1249 2326 astutiam

261 2362 496 2411 suadendi
523 2363 673 2410 habet.
717 2362 811 2409 Sed
849 2362 895 2408 si
931 2357 1143 2408 Satanas
1179 2359 1246 2407 lo-

258 2453 513 2508 queretur,
573 2453 615 2491 et
656 2452 822 2490 taceret
860 2443 999 2490 Deus
1040 2442 1246 2505 (scilicet

262 2542 358 2571 non
384 2526 575 2572 suadens
613 2527 889 2571 contrarium
933 2541 1013 2587 per
1053 2525 1244 2585 gratiam

262 2606 417 2665 suam)
440 2640 453 2662 ‚
483 2604 670 2650 haberes
715 2604 841 2650 unde
883 2613 925 2651 te
956 2619 1201 2651 excusares
1228 2623 1247 2659 ;

260 2683 394 2731 modo
407 2699 544 2730 aures
570 2691 661 2729 tuoe
682 2686 847 2747 positoe
872 2692 983 2730 sunt
1000 2686 1125 2731 inter
1144 2700 1244 2731 mo-

257 2773 444 2811 nentem
466 2762 626 2809 Deum
649 2770 693 2808 et
717 2773 1034 2825 saqqerentem
1054 2781 1244 2830 serpen·

250 2853 365 2893 tem.
401 2843 562 2910 Quare
595 2842 686 2890 huc
718 2843 973 2906 flectuntur
993 2880 1007 2902 ‚
1048 2852 1092 2892 et
1132 2845 1245 2893 hinc

248 2932 532 2973 >avertuntur
546 2927 570 2970 ?
589 2924 699 2971 Non
712 2933 859 2972 cessat
879 2922 1093 2991 Satanas
1128 2942 1243 2973 saa—

248 3005 362 3052 *dere
385 3005 563 3053 malum
587 3021 601 3067 3
626 3004 707 3052 sed
731 3021 817 3061 nec
831 3003 967 3052 Deus
986 3014 1133 3053 cessat
1155 3006 1242 3053 ad-

249 3101 439 3132 -monere
468 3085 658 3134 bonnm.
705 3084 911 3134 Satanas
948 3095 1105 3133 autem
1146 3103 1243 3134 non

264 3166 386 3231 eoqit
426 3166 629 3213 invitam
651 3187 669 3223 ;
701 3168 757 3214 in
798 3175 882 3214 tna
913 3174 1142 3232 potestate
1173 3176 1242 3214 est

248 3232 514 3294 consentire
550 3254 632 3292 aut
673 3263 768 3303 non
809 3249 1069 3296 consentire
1090 3285 1103 3307 ‚
1148 3259 1235 3297 etc.

250 3322 381 3388 Quid
408 3324 571 3372 clarius
597 3342 676 3388 pro
715 3327 852 3376 libera
895 3329 1114 3377 electione
1153 3329 1238 3378 sub

256 3405 399 3466 gratia
416 3439 431 3458 ,
461 3405 573 3468 quae'
592 3394 742 3469 respui
770 3411 962 3471 possit?¹

321 3483 384 3547 (1)
420 3474 488 3531 Dc
506 3484 594 3532 hoc
617 3485 779 3534 celebri
807 3490 1043 3552 Augustini
1065 3489 1200 3538 effato
1220 3525 1234 3547 ,

243 3580 343 3628 -quo
409 3572 643 3628 tantopere
693 3566 907 3630 gloriatur
954 3569 1196 3621 Jansenius
1218 3608 1232 3631 ‚

225 3645 372 3708 ‘quasi
403 3645 578 3709 primus
610 3643 724 3694 illud
759 3649 939 3699 vidisset
957 3684 971 3710 ,
1011 3666 1062 3699 ac
1091 3667 1232 3716 prop-

1338 1489 1438 1538 quae
1468 1476 1609 1536 aperit
1639 1472 1984 1537 intelligentiam
2017 1477 2333 1524 controversiae

1336 1554 1453 1601 inter
1493 1553 1752 1618 Pelagianos
1789 1564 1832 1602 et
1883 1553 1934 1603 S.
1981 1554 2282 1619 Augustinum
2315 1593 2330 1616 ‚

1336 1650 1528 1699 quaeque
1557 1635 1765 1698 patefacit
1808 1634 2053 1683 discrimen
2088 1638 2207 1684 inter
2231 1654 2333 1702 gra·

1335 1716 1443 1761 tiam
1481 1717 1683 1762 sanitatis
1709 1725 1752 1763 et
1780 1715 2128 1773 medicinalem,
2158 1725 2245 1765 etc.
2275 1716 2332 1766 de

1335 1794 1540 1854 celebri,
1576 1797 1797 1861 inquam,
1848 1796 1936 1844 hoc
1974 1797 2109 1844 effato
2147 1807 2191 1845 et
2218 1796 2334 1845 Jan·

1335 1878 1448 1922 senii
1475 1878 1662 1923 invento
1705 1876 1788 1925 cfr.
1829 1875 1884 1925 P.
1922 1876 2178 1941 Dechamps
2203 1913 2217 1936 ,
2249 1894 2327 1942 op.

1334 1957 1414 2013 cit,
1450 1954 1529 2004 De
1563 1957 1764 2005 Hoeresi
1795 1955 2101 2008 Janseniana
2125 1995 2138 2016 ‚
2167 1957 2252 2006 lib.
2275 1975 2326 2018 1,

1334 2038 1413 2105 qui
1435 2045 1500 2084 est
1530 2038 1586 2086 de
1604 2035 1839 2090 Jansenio
1880 2036 2205 2090 hoereticorum
2219 2038 2329 2103 pla-

1329 2117 1487 2179 9iario
1509 2153 1523 2176 ‚
1546 2118 1651 2165 diss.
1683 2133 1736 2165 111
1754 2155 1765 2175 ‚
1794 2135 1892 2182 cap.
1916 2121 1974 2179 ὃς
2005 2120 2084 2167 ubi
2109 2121 2326 2180 ostendit,

1332 2207 1477 2244 totum
1516 2198 1603 2245 hoc
1637 2201 1875 2246 inventum
1915 2202 2181 2263 surripuisse
2213 2200 2327 2249 Jan-

1331 2280 1511 2325 senium
1539 2297 1563 2325 a
1589 2277 1807 2337 Calvino,
1845 2283 1924 2345 qui
1956 2280 2057 2344 plus
2085 2298 2225 2346 quam
2255 2283 2325 2329 vi-

1328 2359 1417 2405 cies
1444 2362 1603 2423 repetit
1632 2360 1719 2407 hoc
1758 2359 1807 2408 S.
1838 2361 2079 2424 Augustini
2121 2364 2322 2409 testimo-

1327 2441 1457 2486 nium
1484 2436 1773 2505 desumptum
1813 2459 1867 2489 ex
1902 2441 1981 2490 lib.
2017 2441 2075 2489 de
2106 2441 2315 2507 Corrept.

1326 2528 1371 2568 et
1398 2528 1523 2584 qrat.
1569 2532 1613 2569 et
1646 2522 1847 2570 inculcat
1895 2523 2137 2587 plusquam
2172 2526 2318 2571 tricies

1326 2600 1415 2649 hoc
1432 2602 1675 2650 discrimen
1704 2605 1821 2650 inter
1839 2607 2031 2666 gratiam
2052 2614 2219 2652 uaturae
2237 2607 2313 2652 in-

1327 2687 1533 2732 nocentis
1557 2693 1603 2731 et
1623 2683 1773 2748 lapsae.
1797 2683 1939 2731 Nobis
1959 2687 2067 2731 satis
2094 2688 2151 2732 sit
2168 2686 2316 2733 addu-

1326 2783 1458 2824 cere,
1499 2764 1623 2830 quod
1653 2765 1729 2812 hic
1757 2764 2054 2812 haeresiarcha
2088 2766 2247 2813 scribit
2266 2768 2315 2815 in

1326 2845 1557 2893 Antidota
1596 2844 1742 2893 Cone.
1798 2844 1938 2892 Trid.
1981 2846 2039 2893 ad
2082 2863 2189 2894 sess.
2239 2863 2314 2904 vt,

1325 2944 1427 2991 cap.
1461 2925 1524 2989 4,
1558 2927 1668 2974 edit.
1705 2935 1810 2974 tert.
1839 2944 1943 2990 pag.
1981 2924 2076 2993 278
2105 2944 2119 2975 ε
2154 2927 2223 2975 In
2247 2944 2314 2988 eo,

1323 3010 1503 3072 inquit,
1534 3005 1894 3054 hallucinantur
1926 3008 2204 3071 (Tridentini
2231 3007 2318 3056 Pa-

1323 3099 1410 3136 tres
1440 3090 1460 3151 )
1494 3124 1509 3148 ‚
1555 3089 1679 3153 quod
1728 3097 1905 3137 motum
1965 3089 2101 3137 nobis
2156 3090 2319 3156 offerri

1322 3171 1626 3218 somniantur
1647 3207 1660 3229 ‚
1687 3173 1774 3235 qai
1802 3170 2008 3218 mediam
2044 3170 2316 3219 electionem

1320 3250 1458 3297 nobis
1491 3250 1748 3315 relinquat.
1797 3251 2020 3317 Denique
2044 3253 2100 3299 in
2145 3268 2200 3300 eo
2218 3251 2316 3316 fal-

1320 3327 1486 3378 luntur
1501 3368 1515 3391 ‚
1556 3332 1681 3396 quod
1707 3330 1891 3380 nullum
1918 3334 2167 3381 observant
2190 3334 2317 3382 inter

1319 3414 1689 3474 regenerationis
1730 3416 1938 3476 qratiam
1973 3449 1988 3477 ,
2038 3431 2145 3479 quoe
2182 3429 2316 3462 nunc

1317 3493 1524 3539 miserioe
1547 3501 1720 3541 nostroe
1746 3482 1995 3556 subvenit)
2019 3502 2065 3541 et
2070 3495 2280 3558 primam
2295 3530 2309 3551 ‚

1315 3587 1421 3634 quw
1459 3570 1582 3620 Adae
1619 3573 1731 3621 data
1783 3575 1943 3641 fuerat
1971 3609 1989 3637 ‚
2040 3573 2309 3622 discrimen}

1322 3651 1465 3717 Quod
1483 3652 1733 3718 diliqenter
1760 3653 2065 3720 Auqustinm
2093 3655 2303 3720 exponit.

2414 3130 2430 3305 mmmm-2
