2540 4074
329 250 408 309 92
1075 266 1264 305 uuor.
1309 266 1377 304 nn
1420 263 1650 306 emm.

330 431 515 472 unum
550 418 648 469 aut
666 407 920 468 *alterum
950 401 1250 466 brevitatis
1285 402 1463 483 gratia
1487 402 1823 484 seligemus·
1862 403 1919 462 S.
1960 399 2267 483 Gregorius
2304 402 2417 462 Na-

331 509 509 567 zianz.
542 505 745 564 :Illud
767 520 1180 581 cognoscamus
1198 544 1215 573 7
1245 498 1436 580 inquit
1456 542 1472 572 7
1501 500 1663 577 quod
1682 502 1853 558 omni
1874 499 2118 578 quidem
2143 501 2290 578 vitio
2316 518 2420 556 ca·-

331 623 459 662 rere
483 597 769 677 ejusmodi
794 594 1217 673 proculdubio
1239 602 1324 650 est
1341 636 1358 666 7
1386 602 1458 650 ut
1484 591 1822 652 humanum
1854 587 2099 652 modum
2135 592 2373 651 eoecedat
2395 635 2420 664 ,

331 697 546 771 solique
582 692 700 751 Dec
739 691 1050 747 conveniat
1075 687 1164 765 (l)
1183 709 1205 752 ,·
1241 695 1299 744 et
1334 683 1472 743 alibi
1517 708 1530 744 z
1588 685 2084 767 Quandoquidem
2120 708 2258 746 eum
2286 691 2422 767 victe

329 797 581 855 statum,
613 787 721 862 qui
742 786 910 840 omni
926 802 1178 860 prorsus
1207 789 1443 859 peccato
1491 790 1689 851 vacet,
1709 827 1716 832 .
1739 802 1930 860 supra
1970 782 2257 840 humanae
2305 802 2424 839 na-

330 893 479 940 turoe
509 879 750 936 modum
777 877 937 940 Deus
971 878 1279 935 constituit
1302 874 1412 955 (2).
1445 874 1503 933 S.
1531 873 1915 954 Hieronymus
1941 873 2021 934 sic
2052 873 2295 955 urgebat
2325 877 2426 934 Pe-

328 974 541 1053 lagium
574 995 586 1030 :
628 971 935 1051 Quamdiu
956 971 1051 1027 ille
1070 970 1217 1047 fi'nis
1246 970 1530 1028 adveniat
1548 1013 1563 1042 7
1607 979 1661 1026 et
1684 973 2098 1049 corruptivum
2127 970 2231 1029 hoc
2249 980 2425 1048 atque

330 1069 573 1126 mortale
613 1067 1053 1142 incorruptione
1098 1084 1172 1121 ac
1207 1065 1658 1121 immortalitate
1693 1074 2003 1142 mutetur,
2041 1084 2266 1123 necesse
2301 1074 2386 1122 est
2407 1108 2423 1137 7

332 1184 435 1221 nos
456 1163 756 1239 subjacere
769 1168 1006 1238 peccato
1026 1202 1042 1231 7
1079 1178 1201 1216 non
1238 1168 1479 1217 naturoe
1502 1169 1556 1216 et
1587 1159 1979 1229 conditionis,
2003 1169 2075 1216 ut
2098 1169 2165 1216 tu
2192 1159 2427 1217 calum-

333 1260 530 1315 niaris
543 1299 567 1326 ,
597 1259 738 1312 vitio
756 1296 777 1324 ,
809 1254 910 1311 sed
927 1254 1259 1331 fragilitate
1291 1263 1344 1310 et
1365 1256 1745 1311 commotione
1770 1254 2086 1311 voluntatis
2111 1252 2426 1325 humanae,

332 1373 463 1430 quoe
475 1372 590 1429 per
601 1361 893 1408 momenta
915 1354 1201 1430 variatur
1220 1373 1245 1421 ,-
1272 1353 1420 1427 quia
1443 1351 1608 1408 Deus
1623 1351 1778 1408 solus
1793 1359 1876 1407 est
1888 1349 2292 1407 immutabilis
2311 1348 2424 1428 (3).

332 1448 416 1504 De
442 1456 636 1504 mente
662 1446 719 1502 S.
749 1444 1049 1523 Augustini
1072 1442 1220 1501 nihil
1257 1443 1467 1502 attinet
1489 1442 1678 1503 dicere
1697 1488 1714 1518 7
1748 1464 1880 1501 cum
1902 1443 2120 1524 passim
2146 1463 2211 1501 ac
2237 1441 2429 1503 valide

334 1539 395 1598 id
420 1539 794 1599 inculcaverit
822 1538 1095 1597 adversus
1123 1537 1475 1617 Pelagianos,

418 1635 552 1693 179.
600 1635 703 1693 Vix
742 1646 937 1692 autem
978 1654 1010 1693 e
1053 1631 1289 1691 latebris
1312 1632 1527 1714 prodiit
1552 1632 1907 1715 perniciosus
1927 1631 2022 1690 hic
2043 1652 2204 1691 error
2223 1675 2239 1704 7
2287 1629 2430 1688 dum

336 1729 531 1786 statim
551 1728 823 1802 Concilia7
842 1749 946 1808 per
966 1749 1031 1786 ea
1046 1739 1311 1808 tempora
1329 1727 1604 1788 adversus
1620 1727 1953 1807 Pelagianos
1969 1725 2279 1799 celebrata7
2296 1745 2431 1784 eum

334 1825 809 1905 proscripserunt.
849 1823 1172 1882 Concilium
1214 1823 1482 1902 Carthag.
1527 1844 1682 1882 anno
1715 1823 1832 1881 418
1870 1822 1976 1880 hos
2017 1841 2266 1880 canones
2303 1819 2428 1879 edi-

337 1919 451 1992 ditz,
482 1920 554 1977 VI
585 1942 598 1978 ε
624 1921 774 1979 Item
799 1921 1073 1998 placuit7
1114 1919 1272 1997 quod
1302 1923 1394 1976 ait
1413 1920 1475 1976 S.
1503 1920 1768 1992 Joannes
1795 1919 2106 1996 Apostolus
2134 1940 2150 1975 .-
2173 1917 2247 1973 Si
2269 1917 2431 1974 diate-

337 2018 531 2072 rimus
561 2059 575 2088 7
605 2020 751 2093 quia
777 2025 1090 2093 peccatum
1126 2034 1248 2071 non
1284 2014 1573 2071 habemus
1591 2058 1607 2087 7
1646 2033 1751 2070 nos
1778 2017 1933 2091 ipsos
1954 2012 2294 2070 seducimus
2318 2052 2340 2081 ,
2377 2020 2435 2068 et

337 2113 552 2166 veritas
578 2114 644 2167 in
665 2111 836 2167 nohis
860 2130 980 2166 non
1014 2118 1100 2166 est
1119 2153 1135 2183 7
1200 2112 1471 2186 quisquis
1507 2111 1592 2166 sic
1633 2108 2056 2186 accipiendum
2081 2107 2430 2184 putaverit,

338 2214 410 2261 ut
437 2206 599 2262 dicat
624 2251 638 2279 7
655 2217 899 2284 propter
933 2206 1334 2263 humilitatem
1359 2215 1618 2283 oportere
1649 2205 1778 2262 dici
1795 2249 1810 2277 7
1849 2224 1953 2262 nos
1990 2203 2202 2260 hahere
2223 2221 2428 2279 pecca-

339 2309 467 2355 tum
492 2345 506 2371 7
544 2322 661 2358 non
687 2305 835 2378 quia
873 2322 1000 2358 vere
1027 2304 1117 2357 ita
1142 2310 1225 2357 est
1242 2343 1258 2371 7
1283 2299 1604 2357 anathema
1628 2303 1723 2357 sit.
1753 2299 2040 2377 Sequitur
2060 2302 2224 2356 enim
2248 2298 2438 2375 Apos-

339 2399 487 2452 tolus
503 2437 523 2465 ‚
552 2406 605 2452 et
636 2397 918 2475 adjungit
953 2421 970 2454 .·
1012 2396 1081 2453 Si
1103 2406 1303 2452 autem
1328 2397 1583 2473 confessi
1592 2396 1901 2472 fuerimus
1931 2403 2170 2473 peccata
2191 2403 2396 2451 nostra
2416 2435 2432 2464 7

335 2489 524 2565 fidelis
546 2501 628 2548 est
648 2501 702 2547 et
708 2495 919 2567 justus
937 2535 952 2563 7
987 2495 1094 2568 qui
1119 2494 1387 2547 remittat
1411 2491 1582 2548 nobis
1599 2500 1846 2568 peccata
1871 2499 1926 2547 et
1947 2489 2199 2547 mundet
2228 2507 2333 2545 nos
2358 2486 2437 2543 ab

344 2589 511 2640 omni
530 2589 867 2662 iniquitate.
906 2586 1025 2644 Ubi
1048 2590 1193 2643 satis
1229 2595 1482 2664 apparet
1506 2630 1522 2658 7
1549 2586 1652 2643 hoc
1688 2606 1808 2643 non
1833 2594 2071 2642 tantum
2092 2583 2436 2654 humiliter,

346 2679 636 2735 sedetiam
659 2684 945 2737 veraciter
957 2682 1101 2737 dici.
1127 2681 1364 2738 Poterat
1388 2683 1551 2738 enim
1575 2680 1884 2759 Apostolus
1908 2679 2100 2736 dicere
2127 2699 2141 2734 ε
2171 2678 2245 2735 Si
2267 2677 2438 2735 dixe-

346 2776 577 2844 rimus,
601 2778 748 2850 quia
782 2794 902 2830 non
940 2775 1222 2833 habemus
1247 2786 1562 2853 peccatum
1593 2820 1608 2849 7
1651 2796 1756 2833 nos
1785 2779 1942 2854 ipsos
1981 2774 2317 2832 emtollimus
2337 2816 2354 2847 7
2388 2781 2445 2829 et

346 2867 660 2925 humilitas
682 2871 751 2925 in
773 2868 942 2926 nohis
969 2889 1084 2926 non
1107 2879 1213 2942 estg
1251 2871 1353 2927 sed
1367 2915 1382 2942 7
1410 2892 1551 2928 cum
1578 2873 1698 2927 ait:
1737 2868 1804 2930 N
1800 2890 1859 2927 os
1884 2872 2041 2947 ipsos
2064 2869 2397 2948 decipimus
2418 2908 2439 2937 ,

349 2972 404 3020 et
430 2967 647 3020 veritas
683 2967 752 3019 in
795 2964 966 3021 nobis
1007 2983 1127 3021 non
1155 2974 1238 3021 est
1251 3007 1273 3035 ,
1303 2968 1448 3023 satis
1477 2965 1730 3024 ostendit
1747 3009 1763 3038 7
1799 2985 1935 3026 eum
1948 3007 1971 3036 ,
1995 2970 2104 3043 qui
2128 2986 2185 3024 se
2221 2965 2447 3021 discerit

352 3075 471 3112 non
500 3056 708 3114 hahere
724 3068 1038 3135 peccatu-m
1053 3100 1074 3128 ,
1099 3079 1217 3116 non
1247 3079 1453 3117 verum
1478 3061 1641 3139 loqui
1661 3104 1677 3134 7
1703 3059 1806 3118 sed
1835 3061 2089 3137 falsum.
2119 3061 2256 3118 Can.
2287 3058 2388 3116 Vll
2423 3078 2436 3113 ε

354 3148 505 3205 Item
543 3151 780 3226 placuit
798 3194 820 3222 ,
869 3162 938 3210 ut
975 3157 1337 3231 quicumque
1375 3156 1635 3226 dixerit,
1695 3158 1763 3212 in
1809 3159 2074 3212 oratione
2121 3156 2446 3216 Dominica

355 3242 482 3300 ideo
519 3242 707 3301 dicere
741 3246 981 3305 Sanctos
1021 3269 1034 3304 ε
1079 3249 1330 3306 Dimitte
1368 3250 1538 3307 nohis
1573 3249 1770 3307 debita
1807 3248 2006 3308 nostra
2026 3297 2041 3327 7
2081 3260 2152 3308 ut
2182 3270 2301 3308 non
2328 3266 2447 3327 pro

425 3391 493 3455 (l)
533 3391 670 3440 Orat.
707 3412 764 3442 xv
782 3427 797 3454 7
829 3395 1023 3460 plaqam
1049 3397 1314 3461 quandinis
1334 3435 1348 3458 7
1430 3396 1615 3454 Ἐπειδῆ
1641 3396 1694 3447 τὲ
1719 3394 1947 3452 ran-2255
1980 3397 2313 3466 ἀναμάρτητον,
2342 3392 2446 3460 ἇπέρ

361 3490 464 3540 pag.
495 3472 593 3537 234
622 3475 735 3524 edit.
768 3475 874 3526 Par.
912 3476 1049 3527 1630.
1080 3477 1245 3542 Γνῶμει
1285 3476 1351 3528 ἔτι
1433 3478 1509 3535 viv
1536 3478 1802 3546 οἷνθρωπίνην
1831 3480 1956 3542 φύσιν
1994 3478 2143 3543 ἔταξεν
2181 3483 2201 3530 o‘
2233 3477 2362 3532 Θείς.

360 3552 411 3604 ri
434 3552 514 3617 μὲν
550 3553 690 3619 μηδὲν
722 3559 960 3625 ἄμοιρα-εῖν,
990 3557 1115 3614 inv-cos-
1143 3559 1248 3628 ὗπὲρ
1279 3559 1355 3610 o’c‘v-
1460 3583 1462 3587 ·
1508 3562 1570 3626 (3)
1607 3562 1815 3627 Dialoqo
1834 3579 1870 3612 Π
1891 3573 2056 3613 contra
2084 3562 2253 3628 Pelaq.
2276 3580 2325 3610 n.
2356 3560 2439 3621 30,

361 3641 530 3704 &pan-ov
557 3635 634 3687 κα)
657 3635 782 3703 μένου
817 3646 942 3690 Θεοῒ.
1447 3645 1557 3694 edit.
1589 3643 1807 3694 Vallarsi.

429 3720 497 3785 (2)
537 3720 662 3771 Orat
689 3739 736 3770 w
765 3722 834 3771 In
867 3720 1042 3772 Julian
1072 3739 1182 3789 pag.
1225 3722 1317 3773 128
1348 3742 1363 3773 ε
