2540 4074
2247 184 2325 242 13

587 201 748 239 PAB'I'·
795 201 839 238 1.
887 194 1116 240 CAP.'11.
1164 201 1232 238 DE
1274 201 1496 240 GnAnAE
1536 202 1914 241 NECESSITATE.

235 331 844 420 veteresfaccipiebant
863 352 868 359 ’
887 338 961 399 de
999 340 1176 418 gratia
1208 340 1498 400 interioris
1539 339 1938 401 illustrationis
1980 353 2042 402 et
2074 338 2327 426 inspira-'-

235 437 406 495 tionis
438 455 540 494 seu
581 443 858 516 operante
887 444 944 492 et
973 444 1319 515 cooperante
1338 479 1353 508 ‚
1394 455 1522 516 quae
1551 455 1724 494 omne
1758 436 2032 495 meritum
2055 450 2322 502 nostrum

230 529 578 613 praeveniret
606 573 623 603 ‚
651 550 779 587 eam
800 572 815 602 .,
850 539 916 586 ut
939 526 1261 589 videbimus
1287 550 1414 610 cap.
1445 550 1598 610 seq..,
1634 552 1940 612 nunquam
1959 530 2323 593 admiserunt

232 623 535 704 Pelagiani.

246 789 251 797 Δ
312 718 411 776 26.
457 718 538 775 Ex
575 716 664 774 his
703 715 1017 796 colligimus
1050 761 1067 791 7
1106 717 1169 775 10
1202 718 1652 776 controversiam
1674 761 1690 792 .,
1734 740 1860 798 quae
1884 719 2038 778 inter
2069 721 2324 801 Pelagia-

232 833 339 870 nos
366 822 424 871 et
452 811 511 869 S.
542 811 925 890 Augustinum
970 810 1150 890 viguit
1188 811 1333 868 circa
1369 811 1562 889 gratiae
1602 813 2002 872 necessitatem
2028 860 2043 888 .,
2092 815 2154 872 in
2186 838 2322 898 pos-

233 907 420 965 trema
441 905 681 987 periodo
705 905 944 963 tandem
959 903 1266 963 deductam
1292 925 1413 963 esse
1437 903 1511 962 ad
1535 906 1929 964 necessitatem
1947 909 2161 986 gratiae,
2195 931 2324 990 quae

233 1000 569 1059 immediate
592 999 842 1058 afficeret
867 998 1232 1059 voluntatem
1258 1018 1387 1056 eam
1410 999 1819 1079 praeveniendo
1845 1021 1908 1059 ac
1943 1001 2270 1078 adjuvando
2306 1030 2322 1077 .·,

233 1116 355 1155 non
389 1105 584 1152 autem
615 1138 630 1168 a
662 1104 727 1151 ut
748 1113 1054 1175 perperam
1093 1091 1392 1150 contendit
1415 1093 1753 1167 Jansenius‚
1786 1092 1860 1151 ad
1899 1095 2174 1172 gratiam,
2202 1118 2329 1178 quae

233 1188 631 1268 necessitatem
649 1187 890 1261 inferret
926 1184 1216 1245 voluntati
1236 1231 1251 1260 7
1289 1207 1464 1267 quam
1489 1208 1520 1244 a
1551 1186 1777 1266 Pelagio
1808 1188 2037 1247 admitti
2055 1191 2327 1250 voluisset

235 1283 291 1341 S.
321 1283 668 1361 Augustinus
700 1282 809 1360 (l).
854 1279 1162 1359 Coligimus
1194 1282 1255 1337 2⁰
1288 1279 1439 1339 hanc
1476 1282 1670 1360 gratiae
1706 1283 2102 1342 necessitatem
2124 1330 2139 1358 ,
2185 1307 2329 1366 qua·

234 1370 404 1435 tenus
452 1375 853 1456 complectitur
896 1385 954 1433 et
1002 1375 1455 1456 praevenientem
1493 1386 1551 1433 et
1580 1388 2023 1456 cooperantem,
2062 1378 2135 1436 ad
2171 1391 2329 1438 actus

234 1465 488 1550 singulos
519 1470 795 1529 salutares
833 1468 1157 1527 absolutam
1195 1490 1316 1528 esse
1337 1514 1352 1542 .,
1382 1480 1448 1527 ut
1486 1468 1819 1528 adstruebat
1844 1473 1900 1530 S.
1937 1472 2282 1551 Augustinus
2309 1520 2326 1550 ‚

233 1577 426 1648 partes
443 1566 699 1625 Ecclesiae
721 1564 1025 1623 Catholicae
1046 1565 1334 1622 sustinens
1354 1609 1368 1637 7
1399 1585 1555 1623 secus
1573 1586 1634 1623 ac
1654 1563 1884 1624 volebat
1901 1566 2155 1646 Pelagius
2179 1572 2330 1645 ejus-

232 1681 344 1741 que
373 1658 634 1745 discipuli
655 1658 762 1738 (2).
806 1656 1003 1716 Ambae
1023 1669 1328 1739 propterea
1354 1658 1439 1717 hae
1475 1658 1743 1718 veritates
1769 1659 2060 1721 catholicae
2083 1683 2333 1743 sequen-

246 1845 250 1848 ·
303 1862 363 1926 (l)
401 1843 512 1909 Lib.
539 1879 596 1924 v,
626 1859 706 1907 De
733 1859 907 1925 haeresi
933 1859 1236 1923 Pelaqiana,

232 1960 338 2008 cap.
382 1958 429 1988 11
456 1979 469 2002 ‚
501 1957 604 2006 pag.
647 1957 737 1988 110
757 1977 770 1999 ‚
817 1941 929 1989 edit.
961 1940 1238 2005 Rothomag.

240 2021 365 2072 1652
385 2060 398 2084 ,
437 2034 480 2071 et
509 2025 574 2071 sie
608 2025 656 2070 in
694 2032 926 2087 posterum
950 2059 963 2081 ‚
997 2023 1085 2070 hac
1116 2026 1240 2071 enim

235 2105 436 2154 editione
461 2115 580 2153 utor.
613 2104 679 2151 Ibi
700 2091 1096 2168 igitur‘Jansenius
1125 2113 1242 2153 totus

233 2190 285 2234 in
311 2204 365 2234 eo
391 2196 501 2245 est,
551 2195 602 2234 ut
631 2186 866 2244 adstruat,
910 2196 1124 2251 quartum
1153 2197 1242 2235 sta-

237 2277 340 2317 tum
370 2269 688 2315 controversia}
718 2266 961 2331 pelagiana}
990 2271 1041 2315 in
1071 2286 1123 2315 eo
1153 2278 1241 2315 ste-

237 2350 341 2397 tisse
360 2385 374 2409 ‚
407 2359 458 2396 ut
485 2348 687 2414 Pelagius
712 2349 1033 2407 contenderet,
1053 2352 1244 2419 gratiam

237 2418 416 2479 nullam
444 2432 611 2478 inferre
637 2433 950 2478 necessitatem
987 2431 1132 2478 libero
1168 2416 1243 2477 avr·

237 2512 376 2560 bitrio
393 2549 408 2572 ‚
439 2515 500 2560 ita
523 2522 574 2559 ut
599 2512 808 2560 voluntas
834 2514 873 2560 ei
905 2529 1082 2576 semper
1105 2514 1245 2576 possit

239 2586 440 2643 resistere
469 2604 549 2642 aut
576 2579 890 2658 obtemperare
907 2629 920 2653 ‚
951 2604 1108 2641 contra
1139 2610 1243 2641 vero

242 2668 305 2723 S.
326 2674 605 2741 Augustinus
623 2680 752 2742 juxta
780 2676 1008 2724 catholicae
1034 2675 1244 2724 Ecclesiae

242 2756 602 2823 fidem‘lexigeret
631 2767 872 2822 praeterea,
900 2768 950 2805 ut
977 2758 1113 2805 talem
1143 2775 1245 2822 gra-

240 2839 352 2890 tiam
381 2838 665 2899 admitteret,
703 2855 806 2904 quae
833 2849 1009 2903 cogeret
1034 2840 1246 2887 volunta-

245 2929 336 2977 tem
353 2921 632 2971 ineluctabili
646 2925 908 2991 necessitate
922 2923 979 2970 ad
993 2923 1220 2989 agendum
1230 2957 1242 2970 .

310 3001 383 3067 (2)
420 3004 549 3052 Circa
573 3004 806 3052 historiam
833 3004 1078 3068 pelagianae
1104 3004 1246 3051 haere-

246 3099 344 3131 seos
373 3085 459 3133 cfr.
487 3084 698 3134 Petavius
715 3121 731 3146 ‚
759 3084 839 3133 De
869 3084 1247 3149 Pelaqianorum

245 3171 290 3211 et
302 3159 794 3231 Semipdaqianorum
820 3166 992 3215 hoeresi
1007 3203 1020 3227 ,
1053 3165 1139 3215 lib.
1157 3183 1246 3216 un.

248 3245 388 3294 Card.
417 3242 577 3308 Notis,
599 3247 783 3296 Hister.
817 3247 1106 3312 Pelaqianoe
1123 3285 1136 3307 ‚
1166 3247 1252 3296 lib.

247 3329 396 3392 primo
409 3319 430 3386 ‚'
443 3326 562 3395 Opp.
574 3330 692 3378 edit.
712 3329 884 3378 Veron.
894 3356 896 3358 ·
907 3345 923 3375 1
936 3345 1034 3395 729
1047 3366 1059 3388 ‚
1076 3339 1190 3377 tom.
1207 3343 1251 3391 ¹3

246 3407 382 3457 Joan.
404 3403 653 3460 Garnerius
666 3409 714 3458 S.
729 3409 774 3458 J.
803 3407 1016 3459 Dissert.
1037 3411 1092 3457 in
1107 3408 1255 3457 histo-

245 3491 371 3539 riam
399 3489 745 3555 Pelaqianam,
779 3509 881 3558 quae
920 3502 1040 3541 extat
1079 3495 1133 3540 in*
1169 3509 1252 3557 ap-

247 3572 445 3635 pendice
463 3572 737 3637 Augustiana
746 3572 775 3621 J
777 3573 1065 3638 oan.Clerici,
1083 3571 1251 3639 pag-40

247 3661 296 3701 et
323 3670 456 3720 seqq.
473 3671 559 3704 neo
574 3671 672 3704 non
687 3653 822 3705 Marii
834 3653 1098 3705 Mercatoris
1116 3659 1253 3721 opera

1323 1861 1471 1907 studio
1484 1860 1618 1907 Joan.
1636 1861 1862 1922 Gamerii,
1883 1863 2022 1912 Paris.
2036 1861 2160 1929 1673
2178 1901 2191 1924 ,
2217 1881 2334 1929 prae-

1324 1942 1477 1988 sertim
1515 1943 1741 2005 appendix
1781 1947 1998 2006 posterior
2040 1946 2095 1992 ad
2137 1947 2332 2010 primam

1325 2031 1500 2085 partem
1530 2040 1716 2086 operum
1735 2023 2141 2074 MariiMercatoris
2162 2064 2175 2086 ‚
2206 2045 2333 2075 com-

1326 2103 1534 2166 plectens
1566 2105 1899 2154 dissertationes
1930 2118 2096 2171 septem
2116 2145 2130 2167 ,
2154 2111 2203 2155 in
2229 2112 2332 2174 qui-

1327 2182 1412 2231 bus
1424 2188 1597 2248 integra
1610 2189 1870 2234 continetur
1884 2188 2066 2236 historia
2079 2190 2308 2254 pelagiana
2318 2226 2331 2249 ‚

1327 2281 1432 2329 pag.
1478 2264 1569 2313 125
1610 2277 1654 2315 et
1689 2286 1818 2334 seqq.
1863 2269 1997 2316 Tanti
2047 2288 2181 2333 porro
2229 2271 2337 2318 feeit

1304 2346 1464 2420 Α(331·(1.
1491 2348 1692 2397 Norisius
1707 2350 2042 2399 lucubrationes
2057 2351 2195 2400 Joan.
2220 2352 2337 2400 Gar-

1327 2431 1473 2489 nerii‚
1514 2433 1597 2477 etsi
1631 2433 1681 2478 in
1722 2431 1942 2479 omuibus
1969 2435 2011 2480 ei
2039 2451 2135 2479 non
2176 2450 2336 2482 assen-

1328 2511 1463 2557 tiatur
1480 2546 1494 2573 ‚
1530 2522 1579 2558 ut
1612 2514 1839 2576 scripserit
1867 2513 1927 2561 ad
1953 2513 2290 2578 Magliabecum
2317 2532 2332 2563 :

1327 2591 1436 2640 Hoc
1467 2602 1624 2641 tamen
1652 2602 1694 2641 te
1721 2597 1954 2643 monitum
1984 2594 2124 2643 velim
2142 2634 2156 2655 ‚
2181 2612 2241 2643 ne
2259 2597 2334 2660 fb-

1329 2672 1491 2722 liciori
1508 2675 1623 2723 aliis
1651 2678 1708 2723 in
1738 2678 1930 2742 scriptis
1963 2676 2202 2724 Garnerii
2225 2694 2335 2725 eru-

1330 2756 1509 2804 ditioni
1549 2757 1800 2823 quidpiam
1831 2775 1923 2823 per
1967 2776 2039 2806 me
2076 2759 2335 2806 detractum

1293 2871 1295 2874 -
1321 2848 1496 2904 pute&
1525 2838 1658 2886 illum
1686 2841 1815 2886 eni-m
1844 2841 1970 2887 tanti
2002 2839 2134 2903 facio
2153 2876 2166 2898 ,
2203 2848 2256 2887 ut
2289 2841 2336 2886 si

1328 2920 1536 2986 ejusdem
1561 2920 1617 2967 de
1647 2920 1784 2968 rebus
1802 2919 2074 2985 pelaqianis
2099 2936 2338 2967 commen-

1328 3003 1456 3049 taria
1482 3002 1730 3049 historiam
1749 3039 1761 3060 ‚
1794 3018 1936 3064 quam
1969 3002 2023 3048 de
2051 3001 2213 3048 eadem
2246 3000 2336 3048 Ιιω-

1330 3085 1427 3130 resi
1439 3082 1523 3130 hoc
1538 3099 1668 3129 anno
1676 3083 1930 3146 patavinis
1960 3084 2087 3147 typis
2115 3098 2337 3129 excusam

1332 3166 1490 3224 emisi,
1498 3164 1859 3228 proecenissent,
1872 3180 1977 3210 mea
1991 3164 2103 3210 stati
2106 3180 2151 3209 m
2162 3165 2338 3228 scripta

1335 3244 1487 3310 (quod
1513 3246 1696 3292 sincere
1725 3244 1905 3309 affirmo
1924 3261 1982 3292 ao
2011 3253 2170 3292 sancte
2185 3245 2337 3310 juro)

1335 3329 1393 3374 in
1418 3325 1646 3391 anqulum
1676 3317 2180 3391 o'mninoprojecissem
2198 3329 2335 3389 (tom.

1338 3425 1393 3456 111
1410 3446 1423 3468 ,
1446 3426 1553 3473 opp.
1573 3407 1663 3456 col.
1690 3423 1705 3454 1
1723 3397 1816 3472 176
1833 3408 1866 3471 ).
1895 3407 1993 3455 Csr.
2011 3417 2218 3471 praeterea
2231 3405 2337 3454 Nat.

1333 3491 1590 3540 Alexander
1609 3526 1622 3549 ‚
1645 3487 1784 3537 Hist.
1801 3487 1909 3537 eccl.
1940 3505 2041 3537 saec.
2059 3504 2090 3535 v
2106 3525 2120 3548 ‚
2151 3504 2253 3552 cap.
2273 3486 2304 3534 3
2318 3523 2332 3545 ,

1332 3572 1414 3621 De
1445 3570 1747 3632 hoeresibm,
1767 3570 1946 3636 quibus·
1982 3570 2206 3634 infestata
2242 3561 2342 3615 E'o·'

1331 3654 1475 3703 alesia
1492 3661 1561 3701 est
1574 3651 1730 3702 seculo
1750 3669 1778 3702 v
1794 3688 1808 3715 ,
1829 3661 1912 3701 art.
1943 3666 1974 3699 2
2003 3660 2049 3700 et
2075 3650 2105 3699 3
2123 3686 2138 3712 ‚
2158 3664 2341 3700 necnon
