2540 4074
183 204 260 264 12
630 270 637 277 Κ
948 225 1142 265 macr.
1187 226 1258 263 nn
1299 226 1563 265 amru„

182 368 614 450 praestandum3
646 363 1052 430 verumtamen
1069 365 1350 446 ejusmodi
1364 365 1628 447 praesidia
1654 375 1757 425 aut
1769 366 1962 426 forent
1988 376 2230 425 externa
2251 409 2269 440 7

178 475 281 522 aut
308 463 355 522 si
371 464 602 522 interna
624 509 639 537 7
670 462 931 522 absolute
958 483 1024 520 ac
1054 483 1161 542 per
1193 483 1254 520 se
1283 458 1525 520 minime
1555 471 1750 520 essent
1773 456 2111 546 necessaria.

258 557 359 616 25.
391 558 524 617 Tale
558 568 647 616 est
671 555 1110 634 Pelagianorum
1141 566 1389 634 systema
1411 598 1427 628 7
1452 554 1610 634 quod
1631 565 1817 613 totam
1842 555 2052 614 evertit
2075 555 2274 634 gratiae

177 653 599 711 necessitatem.
633 649 784 710 Illud
819 661 1018 708 tamen
1056 647 1313 727 Pelagius
1335 658 1534 728 aperte
1562 648 1802 707 minime
1827 649 2114 729 professus
2143 660 2231 708 est
2254 673 2274 723 ς

177 745 280 805 sed
315 744 505 805 verbis
541 755 628 803 est
656 766 790 803 usus
825 743 902 803 ad
947 742 1268 801 fallendum
1291 741 1654 824 compositis»,
1691 753 1895 824 utpote
1933 744 2034 824 qui
2063 754 2129 803 ret
2165 744 2276 803 Ca-

177 839 423 899 tholicus
450 838 636 899 videri
662 850 722 900 et
750 838 1054 899 haereticus
1082 858 1204 896 esse
1230 836 1426 897 vellet.
1459 837 1690 901 Etenim¹
1727 838 1794 894 10
1829 837 2071 916 gratiam
2096 837 2277 896 fassus

179 945 306 1007 est3
352 934 454 994 sed
495 934 689 1013 gratiae
734 934 973 992 nomine
1015 931 1168 991 dona
1211 931 1502 990 naturalia
1551 931 1834 991 Creatoris
1871 931 2274 1012 significabat3

178 1030 247 1086 20
291 1030 533 1109 gratiam
576 1028 747 1088 aliam
799 1027 1023 1087 addidit
1073 1037 1285 1108 praeter
1339 1039 1612 1086 naturam
1648 1071 1665 1101 7
1715 1048 1928 1109 nempe
1967 1027 2166 1136 legem
2213 1048 2279 1087 ac

178 1125 639 1202 revelationem,
680 1125 745 1183 30
785 1123 1049 1204 exempla
1081 1123 1293 1183 Christi
1336 1145 1400 1183 ac
1432 1135 1800 1205 peccatorum
1838 1123 2274 1182 remissionem·
2258 1169 2275 1197 7

179 1218 248 1277 40
274 1218 363 1277 his
400 1224 567 1297 juxta
607 1219 827 1299 aliquos
865 1217 1075 1295 adjecit
1118 1217 1373 1299 aliquam
1411 1218 1749 1278 interiorem
1785 1217 2233 1277 illustrationem
2259 1260 2279 1292 7

182 1335 294 1394 qua
332 1314 614 1373 indirecte
652 1313 858 1372 saltem
903 1314 1248 1373 excitaretur
1296 1307 1549 1372 hominis
1596 1313 1866 1375 voluntas
1897 1312 1991 1372 ‘ad
2026 1315 2282 1392 facilius

181 1409 559 1488 operandum.
591 1410 716 1482 Quo
754 1409 1085 1467 referuntur
1133 1409 1188 1467 S.
1230 1408 1531 1487 Augustini
1567 1407 1780 1482 verba7
1821 1406 1923 1468 lib.
1956 1410 2049 1467 De
2076 1412 2284 1488 qratia

188 1502 415 1561 Christi
424 1547 439 1576 7
469 1501 592 1576 ubi7
613 1513 918 1583 postquam
948 1514 1452 1562 commemorasset
1469 1502 1678 1581 Pelagii
1708 1502 1927 1562 dictum
1955 1525 1968 1560 ε
2007 1503 2105 1574 Ut,
2127 1503 2289 1581 quod

177 1618 290 1674 per
313 1599 570 1656 liberum
601 1599 856 1656 homines
871 1599 1380 1676 facerey'ubentar
1405 1600 1763 1670 arhz'trium7
1792 1600 2045 1675 facilius
2056 1601 2289 1674 possint

179 1694 429 1771 implere
460 1713 577 1770 per
608 1696 877 1771 qratiam
903 1737 918 1766 7
948 1691 1146 1750 subdit
1169 1713 1190 1749 :
1232 1692 1386 1751 Tolle
1410 1691 1626 1750 facilius
1647 1738 1664 1768 7
1704 1702 1760 1749 et
1783 1713 1902 1750 non
1933 1693 2127 1750 solum
2150 1692 2283 1770 ple-

185 1808 303 1844 mts
316 1830 337 1857 ,
376 1809 584 1845 verum
621 1792 801 1845 etiam
829 1809 1014 1845 sanus
1048 1798 1131 1845 est
1160 1808 1363 1845 sensus
1397 1786 1504 1867 (1).
1543 1787 1649 1844 Hic
1679 1788 1840 1845 stetit
1870 1786 2127 1865 Pelagius
2151 1807 2283 1845 cum

186 1880 302 1939 suis
343 1880 747 1940 celebrioribus
786 1880 1075 1961 discipulis
1113 1880 1376 1939 Caelestio
1413 1890 1472 1939 et
1502 1879 1757 1939 Juliano.
1787 1878 2088 1962 Siquidem
2125 1902 2283 1938 nun-

188 1996 364 2056 quam
399 1976 632 2034 admisit
679 1976 1082 2034 necessitatem
1122 1975 1316 2053 gratiae
1342 2020 1358 2050 7
1400 1996 1512 2056 qua
1562 1974 1898 2034 immediate
1939 1975 2287 2033 excitaretur

187 2080 360 2150 atque
402 2070 771 2148 adjuvaretur
810 2069 1074 2130 voluntas
1115 2070 1189 2129 ad
1233 2080 1390 2128 actus
1427 2069 1893 2150 supernaturales
1936 2068 2243 2129 eliciendos
2267 2114 2283 2142 7

188 2174 316 2222 tum
361 2187 573 2245 nempe
626 2163 818 2246 quoad
867 2165 1044 2244 ipsius
1088 2176 1245 2222 actus
1298 2163 1682 2223 substantiam
1701 2209 1717 2238 7
1768 2175 1834 2222 ut
1887 2164 2084 2239 aiunt7
2157 2174 2287 2223 tum

189 2259 380 2339 quoad
413 2259 648 2318 modum
670 2286 686 2333 ς
733 2281 1035 2341 nunquam
1065 2258 1276 2317 scilicet
1303 2257 1534 2317 admisit
1553 2260 1795 2338 gratiam
1821 2258 2137 2318 voluntatis
2160 2279 2285 2332 seu7

188 2364 252 2411 ut
271 2353 432 2411 aiunt
452 2399 467 2427 7
499 2354 911 2435 inspirationis,
947 2353 1114 2426 Quod
1145 2375 1283 2413 vero
1310 2364 1531 2434 spectat
1559 2353 1632 2411 ad
1660 2354 1903 2433 gratiam
1925 2353 2288 2435 praevenien-

190 2459 310 2506 tem
338 2494 352 2521 7
394 2469 460 2507 eo
490 2471 661 2508 sensu
687 2470 899 2529 nempe
917 2494 931 2522 7
960 2471 1073 2529 quo
1112 2471 1239 2508 eam
1269 2448 1616 2507 recentiores
1649 2447 1921 2527 Theologi
1958 2457 2285 2529 exponunt7

191 2542 264 2601 de
288 2543 636 2602 motionibus
663 2544 1061 2603 indeliberatis
1084 2590 1098 2619 7
1137 2543 1343 2625 quibus
1372 2564 1477 2624 per
1492 2543 1943 2603 illustrationem
1970 2543 2290 2601 excitamur

192 2636 269 2694 ad
302 2636 450 2695 bene
478 2638 768 2716 agendum
795 2683 811 2712 7
843 2649 1078 2697 eatenus
1118 2660 1247 2697 eam
1284 2637 1592 2697 admittere
1624 2639 1780 2699 visus
1819 2649 1913 2697 est
1942 2682 1958 2712 7
2003 2648 2288 2718 quatenus

194 2731 412 2790 facilior
448 2731 612 2790 nobis
646 2754 750 2813 per
789 2735 975 2814 ipsam
1013 2733 1278 2792 redditur
1303 2745 1538 2792 actuum
1563 2733 1901 2792 salutarium
1947 2753 2012 2791 ae
2040 2731 2290 2791 manda-

196 2836 389 2885 torum
421 2828 679 2886 executio
699 2872 714 2900 7
741 2828 981 2887 minime
1008 2848 1145 2888 vero
1174 2840 1458 2910 quatenus
1484 2827 1558 2888 ad
1585 2839 1743 2887 actus
1775 2827 2028 2908 singulos
2063 2827 2288 2886 elicien-

195 2918 298 2977 dos
323 2922 394 2979 sit
411 2920 668 2981 absolute
693 2924 1023 2981 necessaria.
1049 2924 1179 2981 Dixi
1208 2945 1275 2982 eo
1295 2946 1466 2982 sensu
1486 2970 1501 2999 7
1525 2945 1639 3005 quo
1666 2925 1907 3003 gratiam
1922 2926 2293 3002 praevenien-

203 3025 320 3074 tem
344 3031 646 3098 exponunt
671 3020 1018 3080 recentiores
1039 3019 1349 3103 Theologiz,
1374 3019 1658 3101 siquidem
1673 3064 1690 3096 7
1714 3031 1888 3102 prout
1916 3019 2069 3078 hano
2090 3039 2292 3079 vocem

271 3205 337 3270 (l)
374 3206 483 3272 Cap.
504 3224 569 3274 29
588 3246 601 3268 7
632 3226 685 3258 n.
712 3209 1033 3260 30.Nonnulli
1055 3227 1114 3260 ex
1133 3211 1206 3259 his
1285 3209 1490 3275 eloquiis
1532 3210 1840 3274 manifestam
1873 3211 2019 3257 etiam
2061 3207 2297 3272 Pelaqius

198 3285 443 3358 Augustini
477 3291 627 3339 verbis
656 3294 909 3357 conjiciunt
929 3331 942 3354 7
974 3293 1226 3361 Pelagium:
1286 3292 1918 3358 mam'fhstesateatur78eque
1931 3289 2118 3339 tamdiu
2131 3298 2294 3338 comm

198 3368 387 3419 tandem
402 3370 648 3437 aliquando
675 3373 909 3423 admisisse
926 3394 1078 3425 veram
1103 3394 1206 3441 gra-
1285 3379 1487 3424 sensisse
1520 3393 1619 3424 non
1651 3378 1835 3442 operiat
1874 3373 2293 3441 impudentissimo

200 3452 310 3499 tiam
339 3453 601 3502 interiorem
631 3454 948 3505 illustrationis
985 3466 1030 3505 et
1060 3459 1207 3523 inspi-
1278 3457 1494 3524 pudore,
1532 3458 1612 3504 sed
1647 3455 1802 3505 dolore
1839 3455 2149 3504 saluberrimo
2179 3468 2293 3520 ape-

197 3534 387 3581 rationis
403 3532 423 3596 ;'
439 3545 505 3582 ast
529 3552 764 3599 perperam
785 3575 798 3596 7
825 3546 878 3585 ut
898 3548 1020 3601 patet
1038 3556 1091 3586 ex
1113 3540 1169 3586 iis
1184 3575 1197 3598 7
1282 3541 1436 3589 νέαι...
1485 3540 1818 3603 Coy‘nitionem
1867 3547 1909 3586 et
1949 3537 2248 3586 dilectionem
2274 3566 2294 3595 5

196 3630 307 3679 quae
335 3614 494 3663 scribit
524 3615 573 3664 S.
603 3616 772 3665 Ductor
793 3655 806 3677 7
835 3617 950 3666 ibid.
971 3635 1070 3684 cap.
1104 3617 1168 3667 26
1187 3658 1200 3679 7
1285 3622 1535 3671 nicanum
1546 3620 1878 3684 discernenda,
1901 3620 2153 3688 discernat.

196 3710 267 3744 n..
283 3709 345 3760 27
375 3713 392 3745 ε
424 3690 579 3746 Istam
597 3696 697 3747 Dei
720 3700 928 3763 qratiam
948 3701 1006 3749 in
1023 3700 1217 3749 divinis*
1347 3718 1349 3720 ’
2120 3706 2122 3708 ’
