2430 4056
221 230 332 289 136

964 244 1152 280 TRACT.
1198 243 1267 281 DE
1308 243 1532 280 GRATIA.

214 390 348 449 tatis
386 384 857 456 determinatione
895 381 1113 463 pendet
1129 425 1146 456 7
1193 400 1255 439 ac
1288 378 1468 440 libera
1511 389 1818 461 propterea
1864 375 2107 465 *omnino
2157 387 2244 435 est
2259 421 2278 468 .’

215 495 275 542 et
298 482 533 542 electiva
560 478 770 535 dicitur
795 486 852 534 et
882 494 1252 555 consequens·
1294 471 1605 531 Delectatio
1643 470 1922 548 objectiva
1957 481 2079 528 tam
2121 489 2280 527 com-

215 576 362 657 petit
401 571 594 651 gratiae
630 590 802 650 quam
831 566 1327 647 concupiscentiae,
1365 563 1574 645 quibus
1608 566 1799 622 anima
1827 563 2236 622 antecedenter
2264 606 2280 637 ,
2316 582 2319 586 ·

217 664 585 725 indeliberate
613 707 628 735 ,
657 664 772 719 imo
795 659 1108 718 necessario
1127 669 1390 735 urgeturt,
1423 677 1530 715 nec
1556 657 1921 716 enim'anima
1952 667 2141 738 potest
2162 677 2283 715 non

214 757 423 817 sentire
452 755 606 836 quod
634 754 810 812 sentit
828 799 843 828 ‚
875 772 1063 832 neque
1097 761 1288 831 potest
1313 772 1432 808 non
1456 748 1605 808 allici
1631 762 1729 808 aut
1755 750 1975 808 titillari
2003 771 2075 809 ex
2095 749 2278 808 inhae-

216 862 378 909 rente
407 850 543 930 ipsis
577 847 807 925 objectis
840 844 1140 904 dulcedine
1167 865 1230 920 avc
1264 843 1565 904 suavitate.
1595 843 1907 902 Delectatio
1931 842 2126 903 autem
2154 842 2284 902 sub-

217 944 427 1021 jectiva
476 963 605 1000 cum
647 940 826 999 subsit
877 940 1085 998 mentis
1125 938 1367 1018 imperio
1392 982 1408 1011 .,
1452 958 1524 996 ex
1576 958 1640 995 ea
1678 931 1896 1017 pendet
1927 982 1943 1011 ,
1987 938 2071 996 ¹ita
2110 949 2177 996 ut
2213 959 2284 997 ex

218 1036 435 1094 duabus
462 1035 750 1113 objectivis
771 1079 786 1108 ‚
814 1055 942 1114 quae
965 1032 1072 1090 sibi
1094 1025 1416 1090 offeruntur
1435 1075 1451 1105 ‚
1485 1030 1956 1090 delectationibus
1976 1075 1993 1105 ,
2015 1043 2074 1090 et
2097 1053 2130 1089 a
2155 1032 2286 1112 qui-

220 1127 327 1185 bus
376 1128 447 1185 ad
495 1128 751 1208 opposita
793 1137 1025 1204 urgetur
1053 1168 1068 1198 .,
1118 1125 1414 1205 perpensis
1455 1123 1687 1182 motivis
1743 1118 1978 1203 aliisque
2017 1124 2285 1203 praestitis

223 1220 426 1301 quibus
457 1242 596 1300 opus
637 1230 720 1278 est
741 1264 757 1294 7
800 1219 874 1277 ad
910 1239 1085 1276 unam
1131 1218 1320 1296 potius
1353 1239 1528 1298 quam
1572 1216 1646 1275 ad
1681 1216 1923 1275 alteram
1959 1237 2019 1276 se
2049 1216 2244 1276 flectat
2268 1261 2284 1291 ,

220 1335 395 1370 unam
434 1334 552 1393 prae
595 1312 772 1371 altera
810 1312 1190 1393 amplectatur
1224 1323 1282 1370 et
1309 1311 1512 1390 eligat,
1542 1312 1606 1371 in
1644 1333 1759 1369 una
1801 1311 1991 1393 potius
2027 1334 2202 1392 quam
2223 1313 2287 1371 in

221 1405 395 1465 altera
427 1407 738 1466 delectetur
774 1405 879 1485 (l).
927 1408 1071 1465 Cum
1112 1427 1249 1468 vero
1277 1405 1349 1465 de
1383 1417 1624 1487 utraque
1659 1406 1870 1486 passim
1909 1404 2286 1466 delectatione

288 1568 349 1630 (1)
388 1567 535 1615 Placet
564 1568 663 1616 haec
684 1569 836 1616 omnia
861 1569 1130 1617 confirmare
1158 1586 1210 1617 ex

146 1662 150 1663 ⁷
225 1649 307 1702 iis,
334 1665 431 1711 quae
459 1648 594 1695 habet
626 1648 676 1696 S.
711 1648 904 1707 Doctor,
931 1648 1086 1697 Serm.
1117 1665 1209 1698 xvu

225 1726 304 1773 De
334 1727 489 1774 verbis
516 1727 733 1791 Apostoli
755 1745 777 1789 ;
809 1729 889 1776 ubi
921 1730 1134 1777 latissime
1167 1739 1211 1777 et

222 1824 272 1853 ex
306 1808 501 1871 professo
527 1810 644 1856 hanc
678 1820 821 1857 versat
852 1813 1087 1858 materiam
1111 1848 1125 1871 ,
1153 1811 1211 1859 de

222 1904 311 1951 qua
331 1890 395 1935 sic
426 1891 582 1952 incipit
608 1890 732 1954 loqui
758 1927 769 1948 ‚
788 1908 889 1954 cap.
917 1907 945 1938 2
965 1929 978 1951 ,
1008 1893 1163 1939 dicens
1193 1909 1207 1939 ε

229 1970 359 2015 Inter
396 1971 553 2016 omnia
577 2007 589 2029 ,
618 1988 720 2034 quoe
749 1971 1006 2027 delectant,
1029 1971 1141 2037 plus
1170 1979 1211 2019 te

228 2047 411 2096 delectet
438 2051 540 2113 ipsa
555 2053 750 2115 justitia
771 2057 789 2115 (
807 2070 865 2100 en
883 2054 1112 2117 duplicem
1130 2052 1210 2101 de-

228 2129 510 2177 lectationem
542 2168 554 2189 ‚
593 2131 864 2197 objectivam
908 2139 954 2181 et
995 2133 1212 2199 subjecti-

223 2212 357 2271 vam)
379 2229 391 2272 3
417 2202 514 2257 non
541 2220 591 2258 ut
617 2212 714 2260 alia
731 2230 827 2261 non
856 2212 1108 2275 delectent(
1127 2214 1212 2261 ob-

223 2292 417 2354 jective)
436 2328 449 2351 ‚
466 2292 546 2338 sed
553 2292 662 2356 plus
678 2294 761 2341 illa
777 2299 790 2358 (
802 2297 974 2360 justitia
992 2296 1005 2356 )
1029 2294 1213 2342 delectet

221 2370 546 2431 (delectatione
578 2375 851 2439 subjectiva,
890 2391 989 2440 quae
1027 2376 1085 2423 ab
1119 2377 1212 2425 ele-

214 2455 374 2500 -ctione
389 2455 563 2517 pendet)
573 2454 837 2505 ,Delectant
850 2460 978 2504 enim
995 2442 1211 2520 quosdam

230 2533 536 2596 naturaliter(
558 2535 602 2582 id
625 2546 689 2585 est
707 2575 719 2596 ‚
739 2555 831 2585 non
848 2539 989 2586 libere
1002 2576 1015 2599 ,
1033 2540 1112 2588 sed
1129 2558 1212 2588 ne-

230 2614 435 2675 cessario)
455 2615 776 2676 infirmitatem
804 2627 1010 2666 nostram
1029 2657 1041 2679 ‚
1071 2628 1126 2667 ut
1141 2622 1212 2668 oi-

229 2691 316 2738 lms
344 2701 386 2738 et
413 2704 552 2757 potus
594 2696 819 2745 delectant
851 2702 1106 2748 esurientes
1140 2710 1213 2749 at-

229 2789 321 2837 que
358 2775 564 2822 sitientes
579 2793 599 2836 ‚-
635 2785 687 2823 nt
717 2794 800 2824 nos
848 2778 1073 2828 delectant
1113 2781 1212 2831 ltoec

226 2853 312 2900 lua·
328 2890 341 2912 ‚
368 2872 472 2918 quoe
499 2856 555 2903 de
585 2857 692 2904 coelo
708 2858 1000 2920 funditur...
1022 2861 1214 2909 delectat

224 2951 397 2984 canora
423 2954 512 2984 vox
545 2947 587 2984 et
614 2941 898 2987 suavissima
932 2941 1170 2989 cantilena
1196 2979 1210 3003 ‚

228 3014 418 3063 delectat
442 3018 554 3065 odor
586 3020 762 3078 bonus,
808 3020 1038 3068 delectant
1071 3024 1214 3069 etiam

228 3103 401 3141 tactum
426 3106 637 3146 nostrum
652 3118 953 3166 quoecumque
972 3105 1216 3168 pertinent

230 3173 293 3220 ad
309 3177 469 3222 carnis
487 3177 691 3243 aliquam
715 3182 1011 3248 voluptatem.
1032 3183 1105 3231 Et
1117 3184 1214 3231 hoec

232 3256 393 3302 omnia
411 3292 423 3313 ‚
444 3273 547 3319 quw
576 3275 660 3306 nos
686 3261 908 3310 delectant
923 3266 976 3311 in
1000 3264 1214 3312 sensibus

232 3336 439 3398 corporis
455 3373 468 3394 ‚
484 3336 645 3401 aliqua
664 3339 795 3389 licita
818 3353 945 3393 sunt.
965 3344 1215 3393 Delectant

231 3416 388 3475 enim,
417 3424 470 3463 ut
494 3418 601 3465 dixi
618 3457 631 3479 ‚
657 3421 807 3470 oculos
834 3425 1096 3489 spectacula
1121 3429 1213 3475 ista

229 3511 402 3558 maqna
433 3506 645 3562 naturoe3
682 3503 761 3548 sed
797 3504 1021 3568 delectant
1060 3507 1213 3555 oculos

229 3576 372 3623 etiam
424 3579 684 3642 spectacula
717 3582 1034 3635 theatrorum.
1092 3587 1214 3650 Hoec

231 3653 364 3703 licita
392 3691 406 3718 ‚
446 3657 532 3706 illa
581 3659 770 3712 illicita.
815 3664 1042 3715 Psalmus
1084 3684 1217 3716 sacer

1289 1569 1503 1616 suaviter
1530 1575 1748 1616 cantatus
1792 1567 1983 1616 delectat
2019 1567 2240 1616 auditum
2266 1589 2287 1627 ‚-

1289 1649 1371 1696 sed
1400 1648 1627 1696 delectant
1668 1649 1888 1696 auditum
1929 1650 2072 1696 etiam
2100 1651 2287 1696 cantica

1290 1729 1594 1778 histrionum.
1633 1732 1746 1777 Hoc
1773 1730 1900 1778 licite
1918 1766 1930 1788 ‚
1961 1729 2083 1777 illud
2101 1728 2283 1779 illicite.

1290 1809 1530 1858 Delectant
1553 1810 1776 1874 olfactum
1803 1811 1942 1875 flores
1966 1819 2011 1857 et
2033 1819 2248 1858 aromata
2262 1844 2279 1871 ‚

1290 1899 1335 1938 et
1368 1891 1467 1939 hoec
1497 1891 1601 1939 Dei
1614 1901 1830 1940 creatura
1845 1911 1868 1952 ,·
1909 1890 2138 1941 delectant
2168 1892 2289 1956 olfiz-

1291 1981 1418 2020 ctum
1454 1975 1600 2019 etiam
1626 1973 1767 2021 thura
1795 1974 1850 2020 in
1889 1974 1995 2021 aris
2025 1973 2288 2022 daemonio-

1291 2069 1418 2100 rum.
1455 2052 1563 2100 Hoc
1591 2052 1716 2101 licite
1739 2091 1751 2113 ‚
1789 2052 1910 2100 illud
1939 2053 2163 2102 illicite...
2194 2056 2250 2103 V
2246 2056 2309 2101 i.-⁴

1292 2133 1411 2180 detis
1434 2150 1564 2197 erqo,
1582 2136 1825 2182 carissimi
1837 2169 1851 2194 ‚
1871 2150 1966 2182 esse
1991 2136 2047 2181 in
2063 2137 2168 2182 istis
2181 2151 2284 2182 cor-

1285 2216 1421 2279 poris
1446 2216 1663 2262 sensibus
1689 2215 1846 2264 licitas
1876 2226 1922 2262 et
1953 2213 2146 2263 illicitas
2167 2215 2289 2264 dele-

1278 2298 1534 2347 ctationes.
1558 2295 1596 2342 J
1596 2298 1763 2344 ustitia
1783 2298 1852 2344 sic
1877 2297 2066 2347 delectet
2080 2335 2092 2358 ‚
2111 2305 2165 2345 ut
2179 2298 2288 2345 vin-

1292 2383 1370 2423 cat
1402 2378 1544 2423 etiam
1577 2375 1734 2424 licitas
1776 2377 2100 2439 delectationes
2111 2398 2132 2435 ‚·
2170 2386 2214 2426 et
2241 2380 2289 2426 ei

1293 2455 1609 2516 delectationi,
1633 2475 1727 2521 qua
1741 2457 1867 2506 licite
1883 2459 2141 2518 delectaris,
2157 2475 2289 2523 prce-

1286 2554 1410 2602 pone
1429 2529 1698 2604 justitiam.
1735 2539 1851 2604 Ergo
1878 2558 1932 2589 ex
1959 2551 2108 2589 mente
2131 2540 2182 2589 S.
2202 2540 2289 2588 Do-

1295 2622 1430 2667 ctoris
1480 2621 1538 2675 ab
1578 2622 1797 2669 electione
1828 2633 1978 2670 nostra
2021 2639 2075 2670 ac
2107 2624 2288 2686 optione

1294 2700 1462 2765 pendet
1490 2703 1540 2748 in
1566 2719 1659 2749 uno
1682 2704 1834 2766 potius
1856 2703 2034 2768 objecto
2068 2720 2209 2768 quam
2236 2707 2287 2750 in

1295 2781 1432 2829 altero
1454 2782 1693 2843 delectari,
1725 2784 1848 2848 quod
1874 2783 2042 2831 falsum
2079 2794 2218 2846 esset,
2250 2787 2287 2832 si

1294 2863 1389 2925 ipse
1421 2862 1684 2927 loqueretur
1734 2865 1791 2911 de
1822 2863 2119 2914 delectatione
2157 2874 2287 2914 ante-

1294 2941 1483 2990 cedente
1524 2961 1577 2992 ac
1610 2944 1815 2992 trahente
1863 2948 2111 2994 necessario
2139 2962 2288 2994 assen-

1295 3040 1397 3069 sum
1425 3034 1654 3072 nostrum.
1682 3025 1826 3089 Magis
1850 3026 1937 3074 hoc
1956 3037 2077 3091 patet
2101 3044 2155 3076 ex
2181 3027 2288 3091 plu-

1294 3102 1419 3150 ribus
1447 3105 1696 3169 exemplis,
1727 3123 1831 3171 quae
1857 3109 2049 3172 ipsemet
2081 3108 2284 3175 subjicit,

1293 3182 1410 3234 ibid.
1441 3202 1542 3249 cap.
1576 3187 1605 3234 3
1628 3222 1642 3245 ,
1677 3186 1735 3235 ad
1766 3205 1861 3235 rem
1905 3188 2023 3236 hanc
2053 3189 2287 3237 declaran-

1295 3264 1429 3324 dam,
1466 3266 1573 3313 fidei
1606 3284 1771 3331 nempe
1800 3276 1844 3316 et
1862 3271 2011 3317 carnis
2027 3307 2041 3330 ‚
2066 3272 2181 3318 servi
2202 3270 2285 3318 de-

1294 3343 1451 3406 formis
1487 3356 1531 3394 et
1577 3347 1722 3395 fidelis
1755 3365 1808 3396 ac
1849 3352 1963 3397 servi
2010 3353 2199 3415 speciosi
2246 3361 2291 3399 et

1294 3427 1490 3475 infidelis
1508 3465 1521 3487 ‚
1548 3431 1646 3476 auri
1677 3435 1723 3477 et
1744 3432 1927 3495 justitiae
1947 3468 1961 3494 ,
1989 3442 2076 3480 etc.
2109 3431 2177 3480 De
2202 3430 2289 3479 hae

1295 3526 1426 3574 porro
1444 3509 1744 3560 delectatione
1761 3511 2007 3579 subjectiva
2024 3513 2286 3572 deliberata,

1294 3593 1619 3656 consequenti,
1654 3609 1849 3659 quaeque
1872 3594 1930 3642 ab
1947 3594 2166 3642 electione
2181 3609 2289 3657 pen·

1294 3671 1398 3720 deat
1418 3706 1432 3733 ,
1466 3672 1681 3723 disserere
1698 3673 1749 3724 S.
1777 3674 2146 3741 Augustinumin
2171 3674 2289 3723 cele-
