2430 4056
199 245 314 306 150
957 246 1164 295 'ruAc'iu
1210 255 1278 291 mi
1321 253 1549 293 carru.

192 409 241 468 si
279 396 642 467 enimdi‘omo
675 395 866 456 eidem
900 404 1103 477 pareat
1128 438 1145 469 ‚
1180 391 1281 451 illa
1308 390 1537 454 obtinet
1571 415 1745 454 suum
1782 392 2091 466 effectum3
2129 393 2290 474 quod

192 502 242 561 si
274 502 325 560 ei
358 498 581 557 resistat
622 510 866 571 eamque
896 498 1131 569 respuat
1153 532 1171 562 .,
1209 495 1367 545 caret
1410 486 1619 547 effectu
1648 507 1751 549 suo
1771 533 1788 562 .,
1814 508 2004 569 neque
2028 486 2188 547 enim
2213 485 2292 546 ad

193 590 549 677 peccandum
577 585 755 666 gratia
800 603 945 664 opus
982 591 1093 640 est.
1136 579 1448 661 Alioquin,
1484 581 1530 640 si
1571 583 1864 644 versatilis
1894 581 2288 664 nuncupanda

194 697 340 748 esset
367 682 576 762 gratia,
606 679 695 738 cui
728 677 903 735 homo
942 674 1211 735 reluctari
1243 685 1436 755 potest
1474 686 1533 735 et
1569 675 1849 738 obsistere
1876 677 2098 736 malitia
2135 698 2283 750 sua,

192 777 468 841 versatilis
503 785 652 834 esset
698 770 941 831 dicenda
979 770 1160 850 gratia
1183 815 1199 845 ,
1235 769 1420 851 qualis
1459 791 1492 829 a
1535 772 1877 833 Tridentina
1907 772 2169 854 [Synodop
2199 793 2294 831 as·-

191 884 339 934 serta
373 892 436 929 ac
461 870 696 928 definita
721 878 806 927 est
829 865 1103 924 adversus
1147 867 1463 926 Novatores
1488 910 1504 940 ⁷
1542 865 1632 924 cui
1683 867 1898 927 scilicet
1932 860 2110 927 homo
2136 889 2294 928 sem-

190 989 296 1049 per
333 966 593 1024 resistere
630 972 845 1045 potest,
885 959 1041 1041 quod
1069 971 1268 1019 tamen
1303 980 1485 1019 nemo
1509 959 1837 1020 Catholicus
1867 962 2019 1020 dicet
2047 987 2064 1035 ς
2095 983 2296 1022 versa-

191 1061 356 1120 tilem
402 1060 642 1138 gratiam
682 1055 968 1116 consecuti
1013 1064 1209 1140 essent
1252 1053 1439 1114 Judaei
1483 1053 1568 1112 illi
1602 1099 1619 1129 ,
1662 1076 1806 1136 quos
1855 1057 1912 1115 S.
1963 1054 2296 1137 Stephanus

194 1156 383 1237 arguit
403 1200 418 1228 ,
452 1152 607 1235 quod
634 1172 860 1230 semper
882 1141 1119 1231 Spiritui
1143 1150 1354 1208 Sancto
1384 1149 1726 1209 restiterint.
1762 1149 1920 1210 Adeo
1943 1172 2150 1212 verum
2168 1162 2297 1223 est,

194 1252 392 1320 aiunt,
442 1249 503 1305 in
541 1244 944 1326 disputationis
979 1254 1122 1303 aestu
1150 1244 1345 1302 minus
1382 1244 1742 1304 considerate
1791 1244 1969 1305 verba
2002 1246 2248 1328 proferri
2280 1246 2295 1305 !

194 1343 358 1417 Quod
393 1342 630 1400 demum
663 1339 735 1398 ab
765 1340 900 1421 ipsis
939 1339 1283 1398 Jansenistis
1320 1337 1627 1398 adducitur
1669 1360 1741 1400 ex
1787 1341 1927 1400 actis
1968 1362 2293 1421 congrega-

197 1438 369 1496 tionis
426 1438 513 1496 De
557 1438 813 1494 auxiliis
865 1435 937 1493 de
983 1433 1412 1493 Constitutione
1450 1437 1700 1513 jamjam
1745 1435 2079 1495 imminenti
2120 1482 2137 1512 ‚
2187 1442 2302 1518 qua

195 1543 442 1612 systema
483 1530 639 1589 istud
691 1531 840 1589 foret
876 1529 1238 1588 damnationi
1275 1526 1737 1606 subjiciendum,
1774 1530 1848 1590 ab
1884 1531 2146 1610 ejusdem
2187 1551 2297 1613 pa-

194 1625 634 1685 trocinatoribus
673 1637 953 1706 tanquam
987 1623 1179 1682 fabula
1213 1623 1507 1703 respuitur
1535 1669 1552 1700 .,
1580 1637 1785 1707 utpote
1819 1637 2055 1685 erutum
2093 1624 2165 1685 ex
2204 1645 2303 1684 ac-

198 1722 272 1779 tis
304 1744 335 1780 a
365 1725 551 1801 Pegna
571 1764 593 1792 ,
640 1720 947 1779 Coronello
998 1729 1058 1778 et
1100 1718 1362 1777 Lemosio
1413 1719 1788 1802 conscriptis,
1829 1719 2041 1803 quibus
2075 1718 2305 1779 nullam

198 1815 527 1874 habendam
562 1814 741 1874 fidem
798 1836 921 1873 esse
965 1812 1214 1873 solemni
1250 1815 1501 1874 Decreto
1539 1815 1914 1875 Innocentius
1955 1817 2046 1891 X,
2089 1814 2187 1875 die
2222 1813 2305 1874 23

197 1911 389 1994 aprilis
433 1910 623 1986 1654,
663 1910 844 1971 edixit
872 1910 981 1990 (l).

265 2078 333 2140 (l)
369 2078 438 2125 En
488 2077 625 2125 verba
668 2076 852 2124 Decreti
893 2092 906 2122 :
946 2075 1199 2144 Ceterum,

202 2177 309 2208 cum
337 2168 433 2206 tam
479 2159 637 2206 Romae
675 2175 822 2223 qnam
850 2156 975 2204 alibi
1000 2158 1211 2203 circum-

196 2243 419 2306 ferantur
446 2241 661 2304 quaedam
684 2239 808 2287 Acta
843 2240 1177 2302 manuscripta
1197 2274 1209 2295 ‚

202 2331 246 2370 et
272 2323 478 2387 forsitan
518 2324 644 2387 typis
700 2337 907 2380 excusa,
957 2335 1213 2382 conqreya-

201 2406 382 2452 tionum
414 2404 686 2451 habitarum
715 2420 871 2451 coram
883 2401 968 2466 fel.
990 2418 1083 2454 rec.
1106 2399 1214 2448 Cle-

205 2497 354 2534 mente
400 2503 481 2533 vut
525 2496 568 2551 et
611 2485 769 2532 Paulo
810 2504 837 2531 v
876 2501 1019 2549 super
1061 2498 1215 2547 quoes-

207 2570 333 2614 tione
358 2568 413 2614 cle
441 2567 646 2614 auxiliis
678 2568 860 2614 divinoe
882 2567 1051 2630 qratioe
1076 2603 1088 2625 ‚
1117 2574 1216 2612 tam

209 2648 295 2695 sub
325 2650 516 2695 nomine
558 2649 817 2695 Francisci
859 2649 1063 2712 Peynoe,
1104 2647 1216 2695 olim

211 2732 341 2779 Rotae
361 2730 586 2777 Romame
609 2729 780 2776 decani
796 2766 807 2787 ‚
831 2747 974 2793 quam
994 2730 1058 2776 F.
1087 2729 1134 2776 T
1133 2728 1217 2777 Ῐιο-

210 2829 300 2859 ‘moe
330 2811 386 2858 de
425 2812 612 2868 Lemos,
640 2810 761 2857 Ord.
803 2811 962 2857 Proed.
985 2810 1217 2859 aliorum-

209 2910 297 2957 que
344 2891 669 2939 Proelatorum
719 2900 762 2939 et
832 2892 879 2938 T
880 2890 1174 2955 heoloqorum
1202 2926 1219 2952 ,

211 2975 325 3038 qni,
359 2983 413 3021 ut
453 2975 687 3021 asseritur
719 3012 732 3033 ‚
782 2973 1033 3038 proed‘e'ctis
1073 2974 1220 3020 inter-

172 3048 174 3050 ’
208 3054 406 3118 fuerunt
457 3055 938 3119 conqreqationibuat,
985 3070 1072 3101 nec
1126 3071 1224 3102 non

215 3134 447 3198 quoddam
497 3137 844 3202 autoqraphum
921 3153 1004 3184 seu
1066 3151 1223 3184 exem-

208 3214 323 3279 plar
375 3225 560 3263 assertae
606 3218 973 3267 constitutionis
1012 3218 1222 3284 ejusdem

221 3295 379 3343 Paul-i
419 3315 448 3344 v
491 3313 632 3362 super
659 3300 931 3364 definitione
969 3300 1222 3367 praedictoe

219 3379 497 3442 quaestionis
526 3379 581 3426 de
608 3379 831 3430 Auxiliis
863 3398 920 3430 ac
950 3383 1223 3430 damnatio-

215 3460 295 3505 nis
323 3459 565 3505 sententiae
603 3476 687 3507 sen
729 3464 1077 3510 sententiarum
1115 3462 1222 3509 Lu·—

215 3540 376 3588 dovici
424 3538 627 3589 Molinae
675 3540 778 3590 Soc.
826 3545 942 3591 Iesu
975 3578 992 3604 ‚
1057 3544 1221 3591 eadem

218 3619 465 3671 Sanctitas
482 3638 572 3669 sua
586 3626 814 3687 proesenti
831 3624 916 3673 hoc
937 3642 1023 3673 suo
1037 3625 1223 3674 decreto

223 3704 500 3753 declaratae
517 3702 722 3754 decernit
740 3742 754 3767 ‚
762 3706 1012 3770 proedictis
1031 3709 1224 3757 assertis

1286 2074 1408 2121 actis
1430 2112 1443 2133 ‚
1469 2083 1568 2123 tam
1592 2093 1685 2142 pro
1701 2079 1936 2125 sententia
1952 2076 2072 2126 FF.
2101 2071 2313 2124 Ordinis

1294 2155 1347 2201 S.
1388 2155 1655 2205 Dominici
1695 2176 1840 2223 quam
1881 2158 2125 2207 Ludovici
2168 2156 2312 2209 Moli-

1292 2254 1372 2285 πω
1387 2237 1686 2303 aliorumque
1702 2240 1810 2288 Soc.
1827 2242 1866 2288 J
1865 2258 1949 2289 esu
1965 2240 2314 2306 Reliqiosorum

1295 2328 1338 2367 et
1351 2321 1644 2385 aictoyraplzo
1669 2325 1771 2370 sive
1803 2322 2314 2390 exemplariproedictae

1299 2410 1489 2449 assertoe
1517 2405 1878 2452 constitutionis
1900 2403 2055 2453 Pauli
2070 2423 2095 2454 v
2125 2404 2314 2453 nullam

1300 2485 1494 2531 omnino
1515 2502 1611 2533 esse
1630 2485 1777 2550 fidem
1795 2486 2114 2534 adhibendam
2133 2523 2145 2542 ,
2165 2503 2317 2550 neque

1297 2565 1357 2612 ab
1399 2566 1629 2615 alterutra
1658 2577 1799 2632 parte
1833 2585 1918 2616 seu
1956 2585 1986 2615 a
2024 2584 2317 2632 quocumque

1298 2647 1395 2695 alio
1436 2647 1639 2712 alleqari
1657 2666 1795 2714 posse
1819 2649 1893 2698 vel
1908 2649 2071 2697 debere
2085 2667 2104 2710 ,·
2128 2649 2211 2697 sed
2233 2666 2319 2697 su-

1293 2746 1383 2794 per
1396 2733 1657 2795 quaestione
1665 2732 1897 2796 praedicta
1910 2732 2203 2780 observanda
2221 2747 2318 2779 esse

1302 2813 1487 2860 decreta
1531 2811 1684 2859 Pauli
1718 2831 1746 2861 v
1779 2822 1823 2861 et
1871 2812 2065 2861 Urhani
2097 2830 2178 2862 vm
2207 2829 2318 2869 suo-

1310 2911 1419 2941 rnm
1440 2893 1857 2959 praedecessorum.
1887 2895 1967 2944 His
1997 2913 2092 2943 non
2127 2894 2318 2942 deterri-

1302 2985 1376 3023 tus
1406 2975 1664 3023 Jansenista
1694 2975 1905 3041 Gregoire
1929 2980 1979 3025 in
2005 2976 2225 3024 Histoire
2239 2975 2319 3024 des

1301 3066 1443 3105 sectas
1462 3057 1739 3122 reliqicuses
1757 3096 1770 3119 ,
1787 3060 1910 3106 Paris
1942 3056 2069 3107 1828
2091 3096 2104 3118 ‚
2125 3068 2240 3107 tom.
2259 3074 2315 3117 11,

1303 3139 1440 3204 chap.
1491 3156 1566 3197 xxi
1590 3177 1605 3198 ‚
1651 3158 1755 3205 pag.
1801 3138 1900 3203 304
1924 3179 1938 3200 ‚
1983 3141 2181 3205 scri-bere
2223 3157 2320 3188 non

1303 3221 1523 3269 erubuit:
1553 3220 1622 3269 Sa
1661 3223 2036 3273 condamnation
2071 3224 2319 3281 (doctrinae

1306 3302 1523 3366 Molinae)
1549 3304 1665 3351 &tait
1686 3320 1773 3351 sur
1802 3303 1844 3352 le
1865 3307 2010 3371 point
2034 3304 2181 3352 d'elre
2193 3320 2319 3370 pro·
2399 3312 2428 3364 .'

1303 3388 1582 3448 nonceepar
1600 3384 1812 3433 Clement
1825 3403 1931 3446 vm,
1953 3386 2118 3453 quand
2131 3404 2183 3434 ce
2190 3402 2321 3452 pape

1302 3473 1496 3512 mourut
1513 3466 1817 3516 subitemenc.
1843 3470 1967 3517 Saus
1995 3467 2134 3535 Panl
2150 3486 2178 3517 v
2195 3503 2210 3527 ,
2231 3484 2320 3515 son

1303 3562 1601 3606 successeur,
1628 3549 1675 3595 la
1697 3548 1822 3597 bulla
1852 3550 1909 3598 de
1945 3550 2321 3599 condamnation

1302 3629 1419 3674 &tait
1450 3628 1636 3694 rediqee
1660 3651 1681 3688 ;
1721 3633 1848 3680 mais
1881 3631 1948 3680 les
1994 3631 2210 3678 Jesuites
2244 3628 2322 3678 lui

1302 3710 1498 3769 avaient
1529 3710 1686 3760 rendu
1729 3728 1802 3761 un
1835 3714 2013 3762 service
2060 3714 2322 3778 important
