2540 4074
286 159 365 219 34
1049 167 1244 205 macr.
1290 165 1360 201 nu
1402 162 1623 202 canu.

289 319 524 389 tebant,
545 315 666 373 sive
688 309 764 370 ad
793 316 1168 387 augmentum
1191 302 1326 361 fidei
1347 346 1363 375 ,
1395 301 1518 361 sive
1551 299 1627 359 ad
1670 319 1843 380 opera
1884 295 2155 355 salutaria
2198 295 2374 356 fidem

289 407 692 492 subsequentia
719 431 736 478 ς
772 414 944 483 atque
971 400 1034 457 in
1063 398 1171 457 hoc
1198 393 1545 455 differebant
1570 414 1603 452 a
1638 390 1976 469 pelagianis,
2009 391 2151 476 Ipsis
2176 400 2376 448 tamen

288 501 723 570 consentiebant
747 498 810 555 in
845 491 1200 573 repudianda
1241 487 1578 548 necessitate
1612 484 1920 565 gratiae'ad
1960 485 2190 553 initium
2241 482 2377 542 fidei

289 615 352 664 et
387 599 460 659 ad
486 587 968 678 perseverandum
993 585 1058 643 in
1089 583 1294 642 eadem
1321 580 1435 639 fide
1466 601 1650 660 usque
1679 578 1754 637 ad
1776 580 1983 647 finem„
2004 580 2123 638 Hac
2152 577 2377 637 ratione

290 694 522 756 initium·
543 685 746 750 ‚salutis
771 693 944 762 atque
970 679 1032 736 in
1058 699 1124 737 ea
1152 673 1643 758 perseverantiam
1670 695 1711 731 a
1742 695 1799 732 se
1827 675 1976 751 ipsis
1998 671 2375 754 repetebant,

285 811 403 849 non
437 793 629 842 autem
652 801 692 837 α
725 779 931 856 qratia
972 773 1089 832 Dei
1129 791 1332 830 eorum
1375 769 1703 826 voluntates
1733 771 2138 845 praeveniente
2168 765 2279 846 (l).

372 878 469 938 68.
518 875 687 952 Origo
709 871 874 929 istius
897 866 1104 928 erroris
1123 910 1139 938 a
1170 875 1236 922 ut
1257 884 1429 943 supra
1461 861 1759 920 innuimus
1783 905 1800 934 7
1834 881 1904 919 ex
1931 881 1999 919 eo
2026 861 2148 941 peti
2172 859 2378 936 debet,

294 972 451 1057 quod
490 964 928 1048 semipelagiani
968 960 1353 1020 elevationem
1389 956 1563 1038 primi
1608 955 1859 1013 hominis
1909 955 1986 1013 ad
2024 965 2239 1016 statum
2281 975 2381 1013 su-

293 1063 718 1151 pernaturalem
756 1055 1194 1140 permiscuerint
1226 1074 1358 1111 cum
1397 1056 1517 1129 ejus
1552 1049 1914 1128 integritate;
1956 1048 2128 1122 hinc,
2162 1070 2234 1107 ex
2279 1069 2380 1124 ec,

291 1161 448 1245 quod
470 1181 588 1218 non
613 1155 753 1215 adeo
781 1152 1156 1233 depravatam
1184 1147 1585 1206 existimarent
1600 1166 1704 1226 per
1733 1154 2034 1225 peceatum
2062 1143 2380 1202 humanam

289 1268 556 1316 naturam
589 1296 605 1326 .,
631 1261 697 1307 ut
732 1269 853 1306 non
886 1255 1080 1327 posset
1119 1243 1295 1300 homo
1334 1241 1526 1322 lapsus
1571 1251 1629 1299 et
1667 1250 1909 1318 aegrotus
1953 1259 2023 1297 ex
2064 1259 2124 1296 se
2173 1237 2382 1297 saltem

284 1362 491 1431 >optare
514 1391 529 1419 a
569 1343 716 1404 velle
751 1361 814 1399 ac
841 1350 1038 1421 petere
1085 1337 1427 1409 sanitatem,
1464 1332 1795 1393 inferebant
1824 1377 1840 1406 7
1876 1354 2042 1413 posse
2079 1332 2383 1392 hominem

290 1464 395 1526 per
431 1462 490 1500 se
511 1436 724 1498 habere
757 1435 986 1493 initium
1008 1431 1171 1504 fidei,
1210 1431 1326 1488 imo
1354 1441 1415 1489 et
1437 1429 1616 1488 fidem
1643 1429 1830 1510 ipsam
1857 1472 1872 1500 .‚
1904 1449 2005 1487 seu
2025 1426 2382 1486 credulitatis

291 1536 559 1595 affectum
576 1531 662 1609 (2)
682 1574 697 1604 ,
717 1540 887 1608 atque
907 1528 970 1584 in
996 1525 1198 1584 eadem
1220 1523 1712 1605 perseverantiam
1733 1543 1914 1601 usque
1936 1523 1999 1579 in
2016 1522 2214 1580 finem.
2243 1521 2381 1580 Fide

289 1641 482 1689 autem
509 1647 612 1707 per
639 1623 897 1705 proprias
939 1621 1087 1680 vires
1115 1618 1353 1676 obtenta
1374 1661 1390 1690 ‚
1441 1615 1727 1674 docebant
1757 1660 1773 1689 .,
1821 1615 2024 1673 eadem
2065 1615 2380 1673 instructos

296 1720 505 1782 deinde
530 1729 724 1800 petere
751 1736 813 1773 ac
838 1713 1100 1772 obtinere
1124 1734 1157 1770 a
1182 1713 1300 1770 Deo
1329 1722 1458 1768 tum
1483 1708 1616 1769 fidei
1646 1720 2024 1788 augmentum
2047 1720 2175 1767 tum
2205 1730 2381 1790 opera

284 1815 572 1877 salutaria.
598 1814 677 1870 Ex
705 1810 813 1868 hoc
842 1806 1264 1867 fundamentali
1290 1828 1483 1865 errore
1503 1806 1685 1867 ceteri
1714 1803 2086 1886 profluebant
2109 1849 2126 1882 ‚
2150 1805 2212 1863 in
2234 1826 2380 1886 quos

288 1907 728 1990 'semipelagiani
756 1902 1202 1974 delabebantur3
1246 1901 1489 1979 gratiam
1530 1899 1743 1958 scilicet
1761 1903 1932 1976 juxta
1966 1899 2182 1957 merita
2205 1897 2330 1958 dari
2360 1925 2378 1974 ς

291 2009 475 2064 Deum
501 2001 647 2062 velle
680 2020 879 2058 omnes
904 1997 1168 2069 homines
1203 1994 1391 2055 salvos
1438 1994 1595 2068 fieri,
1641 1994 1720 2051 ita
1761 2004 1963 2052 'tamen
2017 2003 2084 2050 ut
2126 1993 2288 2073 prius
2321 1992 2382 2052 id

295 2100 404 2180 ipsi
433 2096 616 2159 velint
653 2092 772 2153 solo
810 2091 1120 2152 voluntatis
1162 2089 1442 2163 arbitri03
1482 2087 1707 2147 nullam
1744 2087 1869 2147 dari
1918 2088 2385 2170 praedestinatio-

293 2215 428 2252 nem
452 2191 524 2250 ad
550 2190 808 2270 gratiam.
837 2190 919 2246 De
947 2185 1154 2268 quibus
1183 2206 1255 2244 ex
1283 2196 1450 2266 parte
1485 2184 1704 2263 egimus
1724 2228 1739 2257 ,
1778 2194 1838 2242 et
1870 2204 1941 2242 ex
1980 2193 2146 2264 parte
2182 2193 2382 2264 postea

294 2308 546 2367 agemus,

376 2381 471 2438 69.
520 2380 599 2436 Ut
639 2378 855 2435 interea
898 2374 1273 2434 consistamus
1316 2374 1377 2432 in
1421 2395 1487 2433 eo
1529 2372 2118 2455 Semipelagianorum
2150 2392 2344 2431 errore
2365 2416 2381 2446 ‚

299 2474 397 2553 qui
436 2472 663 2550 attingit
691 2470 1088 2529 necessitatem
1129 2469 1322 2547 gratiae
1363 2467 1437 2526 ad
1473 2467 1606 2527 fidei
1644 2469 1877 2527 initium
1912 2481 1971 2528 et
2003 2469 2064 2527 in
2098 2489 2164 2527 ea
2193 2488 2385 2548 perse-

300 2566 621 2626 verantiam
641 2609 656 2637 7
701 2564 774 2621 ad
812 2562 1216 2644 praecavendas
1246 2563 1709 2622 Jansenistarum
1740 2562 1969 2622 fraudes
2007 2561 2382 2622 animadver-

296 2658 541 2717 tendum
565 2669 679 2731 est,
704 2657 1181 2736 Semipelagianos
1206 2679 1326 2715 non
1348 2657 1684 2716 omnimode
1708 2678 1945 2737 negasse
1974 2657 2380 2716 necessitatem

292 2752 493 2832 gratiae
524 2751 670 2809 circa
701 2762 1010 2831 utrumque
1045 2750 1350 2810 articulum
1375 2752 1726 2810 recensitum
1749 2797 1764 2826 7
1795 2751 1896 2810 sed
1923 2750 2111 2827 solum
2146 2752 2386 2810 necessi-

298 2857 479 2905 tatem
496 2846 689 2925 gratiae
710 2889 725 2919 ,
746 2865 870 2926 quae
894 2845 1145 2904 afficeret
1161 2845 1552 2921 voluntatem3
1573 2868 1710 2906 nam
1730 2847 1972 2927 gratiam
1988 2845 2384 2905 illustrationis

365 3034 426 3095 (l)
460 3031 556 3080 Cfr.
588 3031 774 3081 Carolus
801 3031 970 3098 Joseph
1007 3032 1289 3082 Tricassinus
1372 3035 1568 3084 dicimus
1586 3034 1950 3096 illustrationis,
1979 3044 2078 3084 tum
2097 3054 2221 3095 eam,
2242 3053 2384 3101 quam

300 3111 640 3179 Ord.Capp.De
650 3114 943 3182 indifferenti
951 3114 1074 3181 lapsi
1085 3115 1290 3164 hominis
1371 3133 1584 3165 vocamus
1604 3117 1952 3182 inspirationis.
1989 3112 2096 3164 Haec
2133 3119 2260 3165 enim
2279 3118 2384 3165 ani·-

295 3188 495 3243 arbitrio
512 3229 526 3251 ,
545 3195 685 3243 Paris.
714 3194 860 3259 1673,
882 3207 994 3261 part.
1022 3213 1038 3243 1
1063 3233 1076 3257 ,
1098 3207 1205 3245 sect.
1236 3214 1254 3245 ι
1273 3234 1288 3258 ,
1374 3198 1627 3246 madversio
1651 3197 1728 3245 hic
1745 3197 1877 3245 nobis
1904 3200 2111 3247 inservit.

295 3273 322 3340 §
350 3274 379 3322 3
407 3284 452 3323 et
477 3284 607 3341 se'qq.
630 3279 871 3340 praesertim
885 3275 939 3341 §§
961 3274 1020 3323 16
1040 3288 1083 3325 et
1104 3290 1185 3341 17.'
1203 3277 1290 3327 Hic
1440 3279 1507 3343 (2)
1545 3278 1645 3327 Hoc
1683 3280 1807 3326 enim
1847 3291 1997 3328 sensu
2020 3278 2379 3344 Semipelagiaui

292 3365 445 3404 autem
459 3356 762 3404 revocandum
777 3358 826 3404 in
841 3367 1037 3405 mentem
1050 3369 1115 3407 est
1127 3395 1140 3419 ‚
1160 3359 1284 3424 quod
1367 3359 1705 3408 contendebant
1721 3359 1875 3408 *fidem
1889 3377 1944 3408 ex
1959 3361 2091 3410 nobis
2116 3376 2240 3423 esse3
2268 3376 2379 3406 nam

293 3434 609 3484 adnotavimus
621 3439 736 3484 circa
748 3439 980 3486 notionem
987 3440 1285 3504 qmtioeproe·
1360 3438 1505 3501 fidem
1512 3439 1762 3503 formalem
1773 3477 1787 3500 ‚
1818 3452 1869 3490 ut
1883 3459 1987 3492 mox
2008 3443 2216 3492 dicemus
2232 3476 2246 3500 ,
2272 3454 2376 3504 gra-

290 3516 523 3564 venientis
535 3518 584 3563 in
597 3531 733 3565 sensu
746 3517 982 3577 Veterum,‘
1000 3535 1103 3583 quae
1119 3536 1288 3585 nempe
1367 3520 1444 3567 tiae
1473 3520 1808 3570 adscribebant.

286 3596 663 3662 complecteretur
679 3606 776 3646 tum
793 3600 981 3663 gratiam
998 3634 1014 3660 ,
1034 3617 1173 3665 quam
1198 3617 1282 3650 nos
