2430 4056
461 194 619 235 mar.
667 197 730 234 11.
772 195 895 234 cn.
939 193 1002 232 11.
1050 194 1117 232 DE
1161 170 1595 237 msnricmonn
1636 194 1796 236 nuru.
2041 179 2159 239 225

89 334 352 395 homines
389 333 570 394 nulla·
596 332 704 393 alia
740 331 911 392 datur
947 333 1276 411 justificatio
1314 345 1526 416 praeter
1569 334 2001 396 declaratoriam
2037 338 2159 402 sive

91 429 378 489 forensem
400 474 417 501 .,
460 449 526 487 ac
556 427 715 486 omni
747 447 982 507 prorsus
1019 429 1149 488 idea
1185 427 1528 509 sublimioris
1568 451 1633 489 ac
1669 431 1955 490 interioris
1989 433 2163 510 justi-

89 523 365 582 ficationis
397 521 658 582 destituti
690 520 944 579 fuerunt.
991 522 1091 580 Ast
1133 522 1384 580 insolens
1427 544 1547 580 non
1585 535 1706 597 est,
1754 526 1817 582 in
1861 526 2165 606 Scripturis

93 617 325 676 easdem
350 635 514 677 voces
529 613 700 692 longe
724 614 1111 673 excellentiori
1138 614 1398 674 adhiberi
1421 616 1831 694 significatione
1852 639 1917 677 ac
1938 618 2162 681 diversa

89 709 162 767 ab
198 731 262 769 ea
280 753 298 784 ‚
322 730 431 790 qua
460 709 526 766 iis
545 719 790 766 utuntur
818 709 1131 789 Scriptores
1162 710 1426 790 profani,
1460 709 1532 767 ob
1563 711 1845 772 rationem
1875 734 2048 794 quam
2082 726 2163 774 at-

87 803 323 863 tulimus
355 802 466 882 (l).

167 898 302 956 496.
351 895 437 955 Ad
480 896 596 971 4¹¹¹,
649 898 806 956 Disc.
859 898 988 955 Non
1045 893 1323 954 adhibent
1378 897 1681 977 Scripturae
1728 899 1840 958 nisi
1878 922 2045 961 voces
2095 925 2166 963 ex

83 991 281 1050 formis
308 990 621 1068 judiciariis
655 989 1137 1070 depromptasad
1172 989 1411 1069 plenum
1451 991 1872 1067 justificationis
1909 1016 2052 1075 opus
2087 998 2167 1055 si-

84 1084 471 1164 gnificandum
499 1130 514 1158 ‚
561 1095 626 1161 ut
674 1083 1067 1163 symbolorum
1101 1094 1161 1141 et
1204 1082 1618 1142 emblematum
1666 1086 2017 1146 exteriorum
2059 1110 2168 1170 ope

84 1170 794 1260 quodammodo‘referant
813 1221 829 1249 ‚
848 1175 1003 1257 quod
1023 1175 1387 1235 invisibiliter
1408 1198 1472 1235 ac
1508 1178 1881 1257 spiritualiter
1922 1183 2077 1242 Deus
2107 1184 2170 1244 in

83 1273 273 1338 anima
300 1283 605 1353 operatur,
641 1293 839 1343 conc.;
876 1283 943 1328 ut
971 1269 1285 1328 consistant
1319 1270 1381 1327 in
1418 1270 1812 1349 symbolorum
1854 1285 1914 1332 et
1946 1276 2168 1337 emble-

82 1378 305 1425 matum
339 1366 548 1425 cortice
571 1409 587 1438 ,
625 1387 752 1444 neq.
779 1364 925 1422 Cum
960 1363 1117 1422 enim
1146 1362 1398 1420 mundus
1436 1364 1743 1444 spiritualis
1777 1377 1835 1425 et
1860 1368 2167 1431 invisibilis
2239 1366 2246 1371 ’

84 1463 146 1520 in
179 1461 367 1519 lucem
395 1459 627 1540 prodire
659 1468 943 1540 nequeat,
976 1457 1087 1515 nisi
1126 1456 1377 1538 quodam
1397 1502 1413 1532 ‚
1452 1469 1518 1515 ut
1541 1460 1617 1517 ita
1643 1461 1828 1519 dicam
1851 1506 1867 1537 ‚
1899 1467 2169 1525 exteriori

84 1576 149 1614 ac
174 1554 426 1614 sensibili
457 1553 803 1612 indumento
827 1553 1107 1611 vestiatur
1132 1595 1149 1624 ,
1187 1551 1321 1609 hinc
1358 1551 1424 1609 fit
1451 1595 1467 1624 .,
1514 1563 1579 1610 ut
1604 1555 1824 1633 quoties
1864 1557 2167 1618 invisibilis

86 1661 145 1710 et
171 1648 484 1730 spiritualis
523 1648 714 1728 aliqua
742 1647 952 1708 veritas
981 1656 1079 1704 aut
1117 1646 1370 1725 operatio
1408 1645 1739 1705 hominibus
1786 1652 2166 1731 proponitur,

83 1744 252 1803 toties
279 1743 353 1803 ad
388 1743 599 1801 horum
631 1753 865 1822 captum
900 1761 1006 1822 per
1038 1738 1368 1799 sensibilem
1406 1738 1658 1820 aliquam
1694 1741 1940 1802 formam
1962 1746 2170 1824 signifi-

86 1849 266 1896 cetur.
325 1837 492 1909 Quod
542 1835 807 1917 pluribus
850 1834 1126 1915 exemplis
1174 1832 1399 1891 ostendi
1438 1834 1599 1892 facile
1638 1846 1829 1914 potest
1879 1859 1892 1894 ε
1951 1859 2038 1897 ex.
2087 1863 2170 1920 gr.

85 1940 296 1990 aeterna
333 1929 630 1987 beatitudo
671 1928 778 1986 sub
821 1927 1094 2006 symbolis
1124 1926 1328 1985 domus
1356 1971 1370 2000 .,
1409 1927 1652 1985 civitatis
1675 1973 1690 2001 7
1723 1932 2007 2006 convivii,
2040 1954 2169 1992 esus

86 2034 145 2084 et
177 2034 378 2105 potuS‚
407 2021 644 2102 aliisque
685 2020 964 2079 similibus
1004 2018 1309 2079 exhibetur
1339 2020 1401 2076 in
1444 2021 1624 2078 Sacris
1669 2022 1937 2096 Litteri53
1982 2036 2164 2084 status

87 2139 391 2200 corporum
433 2116 707 2195 gloriosus
749 2113 854 2174 sub
898 2112 1244 2173 emblemate
1282 2112 1523 2193 aquilae,
1570 2113 1737 2174 vituli
1782 2115 2169 2193 subsilientiS‚

88 2224 197 2272 etc.
238 2212 467 2270 Frustra
501 2222 690 2270 autem
717 2254 732 2284 ⁷
772 2210 889 2267 imo
937 2219 995 2267 et
1036 2207 1282 2266 absurde
1321 2208 1605 2288 quispiam
1645 2209 2019 2270 contenderet
2048 2257 2063 2287 7
2115 2223 2175 2271 et

0 2356 1 2362 ,
89 2317 287 2365 contra
339 2326 539 2363 omnes
589 2324 760 2362 sacrae
812 2322 1110 2380 exegeseos
1158 2301 1344 2379 legeS,
1402 2322 1521 2358 non
1577 2301 1638 2358 in
1690 2301 1800 2359 alio
1864 2306 2174 2366 consistere

0 2374 2 2464 l
91 2412 367 2459 aeternam
391 2397 807 2458 beatitudinem
831 2440 846 2467 ,
873 2416 1048 2476 quam
1077 2395 1138 2451 in
1162 2394 1335 2452 domo
1361 2437 1377 2466 ‚
1405 2394 1670 2455 convivio
1693 2439 1708 2469 ,
1734 2407 1870 2468 etc.;
1898 2398 1957 2455 id
1981 2399 2173 2479 ipsum

0 2495 2 2499 ’
92 2495 163 2554 de
187 2493 513 2552 conditione
535 2512 839 2571 corporum
862 2489 1236 2568 gloriosorum
1266 2486 1507 2545 dicatur.
1536 2489 1571 2546 J
1576 2509 1668 2546 am
1697 2510 1834 2548 vero
1861 2491 2016 2550 idem
2042 2513 2174 2551 con-

91 2589 260 2667 tingit
292 2587 436 2645 circa
457 2577 964 2662 justificationem'7
990 2581 1063 2640 ad
1092 2602 1266 2661 quam
1294 2580 1756 2640 adumbrandam
1786 2594 1844 2641 et
1873 2584 1945 2642 ob
1982 2586 2172 2645 oculos

92 2692 318 2741 nostros
353 2677 777 2762 quodammodo
820 2677 1233 2753 suinciendam
1264 2675 1553 2755 Scriptura
1583 2676 1789 2754 figuras
1830 2687 1888 2735 et
1915 2678 2174 2758 symbola

94 2777 242 2858 petit
266 2796 336 2833 ex
354 2760 423 2832 'iis
444 2819 459 2848 ,
485 2795 610 2855 quae
645 2772 997 2831 inhumanis
1026 2769 1253 2847 judiciis
1285 2769 1344 2825 in
1391 2790 1492 2826 usu
1524 2780 1693 2842 sunt3
1737 2792 1842 2829 nec
1870 2785 2175 2854 propterea

95 2870 300 2950 aliquis
331 2867 541 2926 inferre
563 2868 744 2948 possit
764 2912 779 2941 7
806 2869 992 2924 Deum
1021 2865 1268 2923 exterius
1294 2862 1556 2921 homines
1572 2863 1882 2939 justificare
1907 2910 1922 2939 7
1954 2878 2018 2922 ut
2063 2867 2178 2925 hu-

95 2963 252 3022 mani
267 2961 487 3040 judices
510 2960 716 3020 solent.
751 2962 886 3019 Haec
910 2958 1087 3037 magis
1114 2958 1530 3015 confirmantur
1558 2977 1629 3014 ex
1656 2957 1849 3014 indole
1886 2959 2175 3018 orientalis

28 3062 32 3065 ’
95 3056 452 3139 philologiae‚
484 3055 862 3136 quae-passim
908 3051 1232 3132 symbolicis
1272 3071 1335 3108 ac
1371 3050 1637 3128 figuratis
1657 3049 2041 3110 locutionibus
2087 3074 2176 3113 re-

99 3150 322 3209 dundat
345 3148 450 3231 (2).
485 3151 627 3227 Ergo
655 3169 768 3229 quo
798 3145 991 3228 plures
1035 3143 1313 3223 ejusmodi
1350 3143 1587 3224 phrases
1616 3156 1930 3223 congerunt
1966 3145 2176 3211 adver-

166 3366 233 3431 (1)
269 3366 366 3416 cfr.
397 3364 610 3415 Bellarm.
635 3364 890 3432 Dejustif.
921 3364 1002 3412 lib.
1025 3381 1061 3411 ιι
1079 3400 1093 3425 ,
1178 3381 1236 3413 ex
1267 3363 1380 3413 edit.
1415 3361 1572 3410 Dathii
1605 3372 1649 3411 et
1676 3361 1835 3411 Baveri
1864 3363 1987 3436 Ιᾴρο.
2020 3381 2142 3433 1797
2163 3402 2179 3427 ‚

101 3466 203 3514 cap.
246 3464 310 3514 9,
349 3465 394 3494 n.
424 3445 482 3495 18
515 3457 558 3494 et
583 3464 680 3512 seq.
707 3463 815 3496 cum
843 3445 899 3494 V
895 3445 1097 3493 indiciis
1177 3453 1294 3492 tom.
1349 3459 1416 3499 u,
1465 3453 1579 3507 part.
1627 3452 1747 3506 post.
1799 3446 1938 3509 partis
1988 3449 2143 3510 primae
2169 3482 2183 3508 ‚

107 3529 164 3577 V
160 3531 221 3578 iti
260 3528 313 3576 E
314 3528 608 3576 rbermanm'.
1178 3542 1282 3589 cap.
1302 3523 1331 3571 3
1351 3559 1365 3588 ‚
1384 3521 1490 3589 §49
1515 3533 1560 3585 et
1586 3541 1716 3590 seqq.
1732 3534 1777 3573 et
1789 3524 1874 3576 lib.
1891 3542 1927 3573 11
1945 3562 1959 3587 ,
1982 3536 2112 3575 tract.
2128 3542 2147 3574 1
2160 3563 2175 3587 ,

167 3611 235 3673 (2)
271 3609 370 3659 Cfr.
414 3607 579 3659 Glassii
619 3605 891 3671 Philoloqia
923 3621 1093 3667 sacra,
1179 3622 1282 3670 cap.
1323 3621 1349 3670 7
1369 3641 1383 3665 ‚
1424 3619 1526 3679 pag.
1562 3598 1661 3670 957
1715 3615 1759 3654 et
1796 3623 1927 3672 seqq.
1970 3606 2182 3657 Ceterum

181 3704 246 3762 T.
295 3706 363 3764 V.
1831 3699 1904 3756 15
