2540 4074
563 121 722 160 mar.
768 121 808 157 1.
857 121 977 160 cu.
1026 122 1086 160 11.
1135 124 1202 161 nn
1245 122 1463 164 enum
1488 124 1882 168 ‘necessarum
2193 109 2271 170 33

181 269 525 336 ardentior,
548 273 713 322 tanto
731 263 807 341 fit
830 260 1078 342 quisque
1095 309 1112 338 7
1142 286 1261 344 pro
1297 259 1358 324 eo
1380 268 1542 344 quod
1563 270 1935 347 concupiscit
1958 313 1972 344 ,
2001 276 2273 332 omnium
2343 324 2347 329 x

182 366 587 424 molestiarum
629 357 1017 436 dolorumque
1059 363 1479 436 patientior....
1519 362 1663 422 Non
1699 375 1784 422 est
1829 368 1946 423 ista
1968 371 2269 443 patientia

183 460 497 518 desursum
513 451 952 510 descendens....
982 454 1081 509 illi
1096 455 1271 530 falsoe
1292 459 1600 532 patientioe
1620 467 1808 534 potest
1824 462 1952 516 sine
1974 460 2272 537 adjutorio

183 555 303 614 Dei
323 550 598 608 humana
631 546 903 603 voluntas
927 547 1180 624 sufficere
1207 590 1228 618 ,
1265 559 1427 606 tanto
1449 551 1696 622 durior,
1727 563 1948 630 quanto
1975 554 2275 632 cupidior,

181 653 239 704 et
263 663 334 702 eo
375 640 745 699 tolerabilius
785 640 949 697 mala
999 645 1298 699 sustinens
1323 685 1344 712 ,
1402 664 1515 721 quo
1569 655 1701 722 ipsa
1746 646 1820 721 fi't
1863 652 2082 725 pejor’,·
2133 648 2275 707 huic

183 731 382 797 autem
400 781 414 803 ‚
454 756 590 813 quoe
633 753 773 791 vera
803 737 1108 812 patientia
1147 744 1266 805 est,
1309 736 1436 793 ideo
1479 738 1750 796 voluntas
1793 740 2070 799 humana
2084 784 2106 813 ,
2149 746 2279 800 nisi

146 905 152 910 Ι
182 831 436 910 desuper
446 830 662 907 adjuta
677 838 733 886 et
752 828 1155 905 inflammata,
1173 848 1294 886 non
1308 830 1549 906 sufficit,
1567 835 1716 908 quia
1731 832 1998 909 Spiritus
2019 837 2273 895 Sanctus

182 937 267 987 est
306 930 469 1006 iynis
510 930 655 1004 ejus.

265 1021 365 1079 64.
414 1019 503 1089 Ad
528 1021 636 1094 2¹¹¹,
667 1021 824 1078 Dist.
860 1020 1055 1077 Potest
1080 1015 1256 1076 homo
1278 1018 1515 1075 rationis
1543 1018 1788 1100 imperio
1823 1020 2099 1098 subjicere
2135 1045 2280 1084 con-

184 1115 598 1198 cupiscentiam
640 1113 806 1195 eique
846 1111 1136 1170 dominari
1179 1110 1413 1191 physice
1443 1113 1563 1172 sive
1600 1112 1895 1188 absolute,
1940 1137 2129 1183 conc.,·
2152 1140 2282 1177 mo-

183 1209 420 1285 raliter,
463 1209 744 1281 subdist.;
809 1208 930 1265 Deo
974 1204 1287 1282 adjuvante
1321 1251 1335 1273 .,
1387 1207 1487 1291 qui
1528 1228 1648 1264 non
1688 1210 1976 1288 permittit
2010 1233 2115 1269 nos
2151 1224 2284 1272 ten-

184 1305 292 1366 tari
321 1325 496 1385 supra
531 1302 627 1375 id,
658 1299 816 1383 quod
854 1321 1158 1382 possumus
1189 1345 1205 1372 a
1245 1321 1438 1365 conc.,·
1474 1321 1593 1358 non
1629 1301 1939 1378 adjuvante
1975 1349 1989 1376 ,
2038 1327 2164 1385 neq.
2208 1308 2282 1366 In

184 1400 444 1481 exposito
485 1418 658 1479 porro
702 1415 874 1454 sensu
921 1392 1211 1471 obJ'ectum
1277 1396 1562 1452 Geneseos
1599 1397 1998 1455 testimonium
2042 1400 2283 1479 intelligi

187 1492 362 1553 debet
384 1493 494 1572 (l).

268 1587 368 1645 65.
416 1586 505 1645 Ad
540 1585 645 1660 31¹²,
678 1584 896 1644 Eadem
919 1594 1042 1643 esto
1066 1583 1374 1642 distinctio,
1401 1587 1617 1643 Tuetur
1639 1587 1796 1644 enim
1815 1588 1869 1646 S.
1896 1589 2279 1670 Hieronymus

188 1679 437 1744 liberum
472 1679 786 1740 voluntatis
823 1677 1127 1736 arbitrium
1155 1676 1439 1738 'adversus
1479 1680 1853 1738 Jovinianum
1886 1707 1901 1756 ς
1954 1705 2074 1741 non
2113 1706 2280 1764 posse

186 1786 381 1834 autem
406 1774 799 1832 hominemex
830 1793 891 1831 se
927 1792 1163 1830 omnem
1198 1773 1430 1832 vincere
1471 1775 1859 1834 tentationem
1888 1821 1902 1849 ‚
1938 1800 2059 1836 non
2101 1779 2281 1838 semel

185 1870 307 1950 ipse
341 1868 648 1950 profitetur
673 1865 781 1944 (2)
901 1925 903 1927 .

265 1963 380 2030 66.ν
413 1961 502 2020 Ad
544 1959 651 2034 4¹¹¹,
698 1962 854 2019 Dist.
888 1960 1068 2017 Docet
1112 1959 1170 2017 S⁰
1195 1957 1443 2018 Thomas
1472 2005 1486 2034 ,
1532 1973 1760 2021 motum
1802 1964 2114 2024 voluntatis
2157 1988 2278 2025 non

99 2098 104 2101 ‚
184 2055 384 2134 suinci
422 2053 751 2114 necessitati
776 2051 1022 2134 physicae
1052 2098 1067 2127 ,
1099 2073 1287 2126 conc.;
1331 2054 1535 2112 morali
1555 2100 1570 2129 7
1599 2078 1727 2136 neq.
1767 2060 1931 2117 Patet
1960 2064 2080 2137 ejus
2114 2082 2278 2120 mens

188 2173 259 2212 ex
280 2150 707 2232 comparatione
724 2147 1033 2206 brutorum
1053 2193 1068 2222 ,
1087 2169 1200 2228 qua
1222 2147 1314 2207 hio
1342 2150 1523 2207 utitur
1555 2151 1855 2230 Angelicus
1879 2156 2107 2214 Doctor.
2132 2157 2275 2214 Con-

180 2245 375 2306 tendit
409 2245 567 2304 enim
601 2253 835 2301 motum·
869 2241 1184 2302 voluntatis
1225 2241 1418 2302 liberae
1450 2245 1704 2304 activum
1729 2268 1792 2304 ac
1820 2249 1906 2304 sui
1926 2249 2072 2325 juris
2110 2269 2230 2307 esse
2258 2294 2274 2323 .,

186 2361 295 2400 nec
337 2338 537 2417 subjici
573 2337 825 2419 physicae
871 2337 1225 2421 necessitati3
1270 2349 1329 2395 at
1364 2360 1485 2396 non
1523 2351 1696 2419 negat
1734 2362 1861 2400 eam
1890 2341 2119 2402 subesse
2167 2364 2272 2402 ne-

183 2435 434 2496 cessitati
461 2431 668 2492 morali
704 2431 815 2513 (3).
860 2423 866 2426 ’

991 2567 1374 2622 ARTICULUS
1412 2570 1483 2623 ΙΙ.

300 2689 390 2747 De
410 2687 716 2765 erroribus
758 2685 1377 2764 Semipelaqianomcm
1420 2689 1585 2744 circa
1626 2686 1883 2746 eamdem
1918 2693 2138 2768 qratioe

1014 2783 1429 2838 necessitatem.

259 2942 355 3002 67.
400 2939 839 3022 Semipelagiani
872 2939 953 2997 ita
985 2938 1261 3021 appellati
1299 2951 1469 3015 sunt,
1508 2940 1665 3021 quod
1697 2962 1917 3001 errores
1949 2963 2081 3001 cum
2115 2942 2269 3003 Pela-

181 3035 377 3118 gianisff
397 3033 827 3118 quodammodo
854 3033 1247 3093 dimidiarunt.
1278 3035 1394 3116 Ipsi
1422 3035 1821 3095 necessitatem
1849 3037 2041 3115 gratiae
2061 3037 2269 3097 admit-

245 3222 317 3286 (1)
353 3222 452 3275 Cfr.
476 3223 690 3282 Bellarm.
712 3223 805 3271 loe.
824 3223 899 3271 cit.
931 3238 1032 3287 cap.
1058 3219 1111 3270 8.
1261 3224 1384 3271 ratio
1415 3222 1678 3286 liquata...
1716 3231 1763 3271 et
1789 3223 1857 3271 ⁴de
1893 3223 2068 3272 talibus
2105 3226 2266 3274 eodem

245 3303 315 3367 (2)
352 3303 447 3352 cfr.
479 3303 697 3353 Bellarm.
725 3303 844 3353 ibid.
940 3348 943 3351 .
1161 3339 1177 3347 ..
1266 3312 1333 3351 est
1355 3304 1478 3362 ratio
1506 3304 1632 3350 sicut
1659 3312 1703 3351 et
1727 3304 1783 3352 de
1816 3305 2112 3354 animalibus
2150 3308 2264 3355 bru-

250 3384 316 3448 (3)
354 3385 426 3433 En
453 3381 555 3453 ejus
578 3385 717 3440 verba
747 3402 762 3433 ε
790 3383 1071 3433 Immutatio
1099 3383 1181 3431 Ιιο-
1263 3386 1356 3440 tis,
1377 3400 1481 3448 quw
1513 3400 1570 3432 ea·
1595 3388 1865 3434 necessitate
1895 3393 2155 3451 sequuntur
2170 3390 2264 3436 im-

183 3467 334 3515 minis
368 3483 460 3532 per
491 3467 764 3532 passionem
809 3466 990 3514 duobus
1033 3463 1185 3532 modis
1257 3473 1421 3531 petum
1443 3467 1703 3530 passionis.

184 3549 438 3611 continqit.
466 3547 576 3597 Uno
594 3545 728 3594 inodo
743 3547 832 3605 sic,
850 3545 974 3610 quod
985 3544 1189 3594 totaliter

355 3655 420 3713 T.
470 3657 537 3716 V,
897 3696 901 3705 f
1839 3639 1945 3697 *3
