2430 4056
196 139 317 198 286*
949 153 1154 194 ruer.
1184 155 1251 194 nt
1292 157 1519 195 enam.

199 308 338 364 tatis
381 303 490 384 (l).-
533 302 660 360 Non
714 309 801 356 est
843 307 1037 356 autem
1082 297 1356 356 meritum
1390 297 1547 357 istud
1587 299 1781 375 stricte
1827 309 2126 380 sumptum
2176 321 2277 360 seu

198 401 268 458 de
293 398 574 475 condique
589 415 613 469 3
652 403 717 450 ut
757 391 914 451 enim
951 389 1168 449 ibidem
1207 393 1578 473 prosequitur
1605 395 1663 451 S.
1707 396 1916 451 Doctor
1954 415 1966 450 :
2005 392 2281 452 Nullane

198 503 340 552 sunt
360 493 568 548 merita
575 491 887 565 justorum
908 485 936 543 52
962 488 1120 544 Sunt
1132 488 1318 565 plane
1333 529 1354 556 ,
1383 490 1533 565 quia
1535 493 1707 564 justi
1721 499 1882 547 sunt.
1911 490 2030 547 Sed
2049 501 2118 547 ut
2118 494 2283 567 justi

191 589 435 665 fierent,
475 585 690 639 merita
725 601 844 638 non
870 584 1130 658 fuerunt
1169 580 1273 659 (2).
1311 581 1407 638 Est
1434 580 1606 658 igitur
1630 585 1904 641 meritum
1933 584 2002 640 de
2028 603 2283 662 conyruo

200 691 256 738 et
290 676 602 757 improprie
632 673 850 731 dictum
888 671 1035 730 illud
1058 718 1072 746 7
1114 673 1270 753 quod
1311 673 1581 754 praecedit
1598 677 2088 751 justificationem.
2121 678 2284 736 Hanc

199 772 460 831 eamdem
491 768 924 828 distinctionem
961 768 1243 848 expressis
1284 766 1473 827 verbis
1514 767 1753 827 tradidit
1792 770 2091 850 Angelicus
2136 774 2286 831 Doc-

198 879 288 926 tor
318 865 427 942 (3).

281 960 414 1018 631.
459 958 731 1031 Quamvis
772 978 943 1038 porro
976 1002 992 1030 7
1040 977 1166 1037 quae
1201 956 1274 1015 de
1311 955 1419 1014 bac
1471 956 1663 1016 meriti
1711 956 2079 1019 distinctione
2135 965 2289 1038 ejus-

200 1077 311 1137 que
342 1054 527 1135 specie
553 1074 616 1110 ac
640 1063 844 1109 natura
882 1050 1192 1108 traduntur
1216 1095 1231 1124 7
1273 1051 1569 1131 explorata
1605 1051 1722 1109 sint
1756 1052 1913 1132 apud
1935 1073 2135 1117 omnes
2164 1056 2289 1115 'fere

200 1149 504 1209 catholicos
543 1146 856 1224 Theologos
880 1191 895 1218 7
951 1145 1023 1203 ad
1058 1145 1234 1203 fidem
1276 1156 1473 1203 tamen
1520 1145 1758 1204 minime
1808 1158 2106 1227 spectant7
2156 1169 2291 1208 cum

103 1259 106 1261 ’
201 1242 361 1301 nulla
392 1240 673 1299 habeatur
710 1241 854 1297 circa
880 1239 997 1297 haec
1033 1239 1290 1298 Ecclesiae
1319 1239 1576 1297 definitio
1599 1284 1614 1312 7
1650 1251 1709 1298 et
1744 1241 1805 1297 in
1841 1244 2292 1302 controversiam

199 1359 232 1395 a
256 1335 550 1394 nonnullis
580 1345 875 1394 vocentur.
909 1335 1273 1415 Quapropter
1296 1334 1492 1392 scribit
1520 1333 1901 1393 Bellarminus
1926 1336 2073 1395 circa
2099 1338 2291 1407 meriti

203 1431 539 1513 qualitatem
574 1452 587 1486 ε
621 1431 776 1487 Smct
801 1439 914 1486 tres
941 1430 1006 1486 de
1042 1429 1152 1486 hac
1192 1451 1255 1486 re
1282 1434 1628 1507 quaestiones
1651 1454 1668 1488 :
1706 1451 1837 1487 una
1856 1473 1878 1501 ,
1911 1435 2062 1489 sitne
2103 1436 2291 1491 meri-

206 1538 331 1584 tum
349 1530 665 1603 justorum
702 1524 1023 1581 dicendum
1062 1545 1132 1581 ex
1166 1525 1486 1602 condique,
1533 1546 1614 1582 an
1640 1545 1711 1582 eoe
1737 1525 2041 1603 conyruo?
2062 1532 2253 1584 altera
2269 1569 2293 1598 ,

205 1627 353 1680 sitne
368 1622 731 1699 condignum
748 1624 978 1676 ratione
984 1624 1406 1697 promissionis
1426 1630 1659 1677 tantum
1673 1663 1696 1691 ,
1722 1641 1805 1677 an
1820 1624 2050 1678 ratione
2073 1620 2297 1700 operis?

205 1721 419 1787 tertia,
450 1735 601 1773 num
636 1715 794 1772 Deus
823 1724 1159 1771 ‘remuneret
1177 1718 1673 1792 operajustorum
1705 1735 1895 1794 supra
1931 1716 2293 1796 condi-quum

206 1822 259 1869 et
288 1814 618 1888 impiorum
637 1813 793 1866 citra
820 1808 1182 1887 condiqozum
1203 1806 1334 1888 (4st
1856 1877 1863 1887 μ

287 1905 421 1963 632.
467 1904 624 1961 Circa
678 1913 1033 1983 postremam
1083 1902 1231 1967 hanc
1278 1903 1686 1983 quaestionem,
1737 1904 1848 1961 etsi
1890 1903 2054 1961 nulla
2098 1915 2298 1985 aperta

207 1997 485 2056 habeatur
520 1996 777 2055 Ecclesiae
803 1995 1092 2068 definitio,
1129 1999 1316 2053 Deum
1343 2017 1555 2077 nempe
1580 2017 1751 2077 opera
1780 2001 2068 2074 justorum
2097 2019 2167 2056 ex
2195 2021 2298 2058 sua

208 2091 551 2151 liberalitate
574 2111 746 2171 supra
764 2089 1116 2168 condignum
1143 2091 1501 2151 remunerari
1523 2135 1537 2164 7
1566 2112 1723 2149 nunc
1744 2095 1868 2168 jam
1893 2091 2014 2150 hoec
2037 2092 2299 2152 doctrina

210 2189 268 2244 in
320 2184 560 2244 dubium
607 2183 861 2244 revocari
902 2184 1104 2264 nequit
1148 2195 1280 2263 post
1321 2185 1704 2265 proscriptam
1745 2187 1863 2263 Baji
1909 2208 2077 2267 prop.
2123 2189 2252 2247 XIV
2279 2233 2296 2263 7

209 2301 335 2361 quae
369 2281 448 2336 ita
484 2299 543 2336 se
582 2276 756 2335 habet
801 2300 813 2334 :
863 2279 1060 2356 Opera
1099 2280 1253 2336 hona
1271 2284 1586 2356 justorum
1622 2301 1739 2338 non
1767 2285 2066 2360 accipient
2098 2287 2166 2340 in
2203 2284 2302 2343 die

189 2376 428 2453 judicii
462 2377 710 2430 extremi
734 2375 1079 2451 ampliorem
1117 2374 1472 2446 mercedem,
1511 2396 1697 2453 quam
1715 2381 1887 2453 justo
1918 2379 2040 2436 Dei
2051 2381 2300 2456 judicio

208 2478 552 2527 mereantur
596 2471 878 2546 accipere.
2115 2474 2118 2478 ’

289 2561 427 2620 633.
475 2564 558 2620 De
580 2561 692 2620 fide
716 2562 930 2642 pariter
957 2583 1078 2620 non
1112 2572 1198 2621 est
1217 2607 1233 2637 7
1272 2564 1467 2622 omnia
1494 2563 1644 2622 bona
1678 2586 1850 2645 opera
1865 2570 2156 2644 justorum
2177 2589 2300 2629 esse

210 2668 436 2716 aeternae
468 2657 602 2717 vitae
637 2657 925 2715 meritoria
947 2701 963 2729 7
1010 2679 1113 2721 seu
1147 2678 1416 2738 quaenam
1440 2659 1503 2716 in
1541 2659 1731 2739 specie
1755 2681 1930 2741 opera
1964 2673 2300 2722 mereantur

209 2751 446 2830 gloriam
493 2755 726 2831 ejusque
766 2751 1226 2826 incrementum7
1281 2773 1357 2810 an
1407 2773 1579 2832 opera
1626 2755 2029 2834 temperantiae
2056 2801 2072 2831 7
2132 2757 2299 2840 spei,

209 2845 342 2903 fidei
367 2856 424 2903 et
457 2843 565 2903 alia
595 2855 802 2926 praeter
836 2844 1213 2917 charitatem3
1256 2847 1388 2926 quia
1417 2845 1821 2906 Tridentinum
1844 2871 1965 2907 non
1996 2849 2262 2909 definivit
2281 2896 2298 2926 7

210 2938 343 2997 talia
383 2960 556 3019 opera
588 2939 650 2996 in
692 2940 879 3020 specie
904 2939 1134 2999 mereri.
1169 2940 1555 3000 Bellarminus
1592 2953 1786 3002 censet
1823 2966 1837 3001 t
1884 2949 2122 3004 Bonum
2156 2966 2302 3025 opus

206 3054 328 3090 ποη
350 3055 461 3092 esse
489 3039 862 3093 meritorium
890 3039 1022 3094 vitoe
1049 3045 1279 3095 oeternoe
1293 3079 1316 3107 ,
1336 3040 1462 3094 nisi
1485 3057 1554 3094 eoe
1580 3038 1870 3096 charitate
1887 3039 2298 3120 procedat'ffi).
2325 3104 2329 3106 ,

212 3127 483 3186 Eamdem
519 3129 866 3188 sententiam
903 3140 1142 3188 tenuere
1167 3131 1398 3206 ScotuS,
1430 3130 1692 3205 Gabriel,
1732 3133 2038 3192 Durandus
2065 3134 2296 3216 aliique.

212 3222 551 3302 Vasquezius
586 3245 619 3283 e
659 3245 932 3285 converso
968 3224 1268 3285 contendit
1289 3271 1304 3301 7
1347 3227 1649 3306 quodlibet
1683 3249 1830 3308 opus
1872 3233 2299 3309 hominisjusti

275 3423 352 3488 (1)
382 3425 525 3490 Epist.
550 3430 630 3476 cit.
653 3445 754 3493 cap.
788 3429 837 3491 3,
863 3447 911 3478 n.
945 3447 997 3497 9.
1239 3496 1242 3498 v
1302 3430 1507 3479 distinct.
1537 3445 1598 3495 27
1622 3466 1636 3488 ,
1668 3448 1715 3482 a.
1752 3431 1801 3480 3.

280 3506 352 3569 (2)
385 3505 506 3555 lbid.
544 3525 596 3557 n.
631 3507 682 3557 6.
1371 3511 1437 3575 (4)
1467 3511 1591 3560 Ibid.
1620 3528 1721 3577 cap,
1749 3510 1827 3562 16.

277 3585 348 3658 (8)
373 3603 417 3640 ι.
443 3604 492 3649 2,
524 3606 575 3654 q.
614 3587 724 3652 114,
743 3609 784 3647 a.
812 3592 1221 3654 330t1nusent.
1367 3592 1436 3657 (ὅ)
1473 3591 1554 3646 De
1571 3592 1741 3659 justif.
1766 3594 1851 3644 lib.
1878 3611 1928 3657 r,
1959 3609 2058 3659 cap.
2104 3590 2177 3643 15·
