2540 4074
326 232 404 305 94
1081 250 1276 290 ΤΒΑαΤ.
1318 252 1387 288 ΒΕ
1429 252 1656 289 cnam-[A.

325 411 544 487 linquae
554 446 576 476 ‚
602 424 736 475 seu,
763 409 830 457 ut
855 407 1024 455 antea
1045 393 1383 465 dicebatur
1425 413 1500 451 ne
1506 395 1638 453 levi
1661 397 1869 454 saltem
1891 396 2200 478 maculare
2225 401 2412 457 vatam

324 505 577 564 crimine
612 504 820 577 posset.
864 491 927 548 50
965 492 1153 563 Quare
1197 490 1255 547 S.
1297 477 1702 565 Augustinus:
1732 491 1809 548 Si
1826 507 1869 550 a
1917 512 2004 549 me
2046 502 2364 570 quoeratur
2385 536 2408 564 ‚

324 597 546 677 inquit,
561 601 770 650 utrum
799 588 965 645 homo
990 587 1119 642 sine
1132 587 1374 661 peccato
1401 603 1514 640 esse
1532 588 1723 660 possit
1739 589 1810 643 in
1840 591 1950 644 leae
1977 591 2134 660 vzta
2175 589 2411 663 confite-

324 694 430 751 hor
446 734 462 762 7
483 706 649 766 posse
671 703 783 761 per
816 683 936 740 Dea·
948 680 1217 758 qratiam
1239 686 1295 734 et
1314 677 1570 734 liberum
1595 682 1721 754 ejus
1742 681 2070 740 arbitrium
2097 681 2207 760 (l).
2238 683 2404 761 Ergo,

404 783 534 841 182.
581 783 750 859 Resp.
783 774 871 835 Ad
910 775 1010 847 1¹1¹,
1047 771 1199 851 Ney.
1233 773 1648 831 Verumtamen
1685 774 1872 834 citatis
1913 776 2103 837 verbis
2148 777 2413 836 Christus

319 900 423 937 nos
460 883 731 958 provocat
761 870 836 946 ad
861 868 1019 927 illam
1045 867 1457 948 perfectionem
1485 910 1500 941 ,
1533 870 1693 944 cujus
1732 890 1968 950 capaces·
2006 890 2205 931 sumus
2243 894 2412 955 spec-

319 984 434 1031 tata
475 968 810 1028 infirmitate
852 973 1047 1022 nostra
1070 1006 1085 1034 .,
1125 982 1190 1019 ac
1215 963 1536 1043 praesertim
1564 962 1638 1021 ad
1661 963 2011 1025 imitandum
2038 969 2271 1026 Patrem
2301 989 2412 1028 coe·

319 1068 522 1127 lestem
550 1065 611 1121 in
643 1056 1033 1120 condonandis
1062 1056 1285 1134 injuriis
1317 1056 1484 1115 nobis
1514 1056 1687 1116 illatis
1717 1103 1732 1133 ,
1768 1069 1944 1140 atque
1969 1060 2044 1120 ad
2065 1059 2412 1121 beneficien-

319 1163 412 1223 tiae
450 1179 620 1241 opera
657 1152 969 1215 exercenda
1019 1152 1195 1210 etiam
1227 1172 1358 1231 erga
1412 1152 1676 1212 inimicos
1717 1164 1946 1213 nostros
1970 1200 1985 1228 .‚
2026 1167 2093 1214 ut
2138 1167 2303 1238 patet
2338 1178 2409 1216 ex

319 1263 589 1315 contextu
620 1252 727 1330 (2).

402 1348 534 1406 183.
585 1345 669 1405 Ad
710 1346 816 1415 2¹11,
858 1341 1009 1420 Negs.
1055 1345 1223 1418 juxta
1266 1340 1728 1402 adversariorum
1771 1354 2050 1404 mentem.
2107 1348 2310 1428 Neque
2351 1346 2414 1405 id

317 1443 526 1505 evincit
552 1440 805 1521 primum
833 1436 1232 1495 testimonium
1258 1482 1275 1511 ‚
1293 1458 1364 1496 ex
1392 1456 1507 1518 quo
1528 1437 1718 1511 solum
1744 1441 1965 1499 eruitur
1987 1486 2002 1514 ,
2026 1462 2148 1500 non
2175 1463 2414 1524 peccare

312 1561 448 1598 eum
471 1583 485 1609 ἦ
513 1537 613 1617 qui
635 1542 905 1616 operatur
927 1552 997 1590 ex
1026 1531 1310 1612 principio
1338 1533 1655 1594 nativitatis
1677 1534 1885 1595 divinae
1907 1581 1922 1609 ,
1942 1557 2155 1617 nempe
2187 1558 2257 1595 ex
2282 1536 2414 1595 cha—

314 1635 516 1704 ritate3
558 1652 675 1688 non
714 1639 907 1686 autem
950 1626 1091 1684 dum
1131 1628 1248 1705 agit
1294 1648 1366 1686 ex
1409 1627 1520 1686 alio
1570 1630 1854 1710 principio
1884 1676 1899 1704 ,
1946 1631 2160 1690 scilicet
2206 1653 2276 1690 ex
2310 1652 2414 1690 cu-

314 1728 553 1807 piditate
582 1725 691 1805 (3).
715 1724 801 1782 Sic
822 1768 838 1797 ,
865 1726 955 1781 Ps.
990 1723 1250 1798 CXVIII,
1289 1721 1443 1781 beati
1467 1725 1860 1804 praedicantur
1878 1771 1893 1798 ἦ
1923 1726 2024 1807 qui
2048 1727 2231 1786 vitam
2258 1737 2415 1786 tran-

312 1824 502 1901 sigunt
536 1821 749 1900 absque
777 1819 935 1898 gravi
967 1817 1172 1877 saltem
1202 1817 1339 1898 legis
1373 1820 1847 1899 transgressione.
1877 1822 1983 1879 Hic
2014 1822 2174 1880 enim
2196 1821 2407 1904 aliique

314 1916 591 1995 ejusmodi
631 1926 818 1974 textus
860 1935 966 1995 pro
1006 1912 1264 1990 subjecta
1298 1914 1539 1973 materia
1593 1934 1824 1995 semper
1864 1915 2108 1994 intelligi
2148 1916 2405 1992 debent,

314 2023 483 2092 atque
518 2033 585 2069 ex
614 2010 908 2068 communi
942 2008 1273 2088 acceptione
1318 2008 1390 2067 de
1422 2008 1520 2066 illa
1557 2010 1860 2068 sanctitate
1899 2021 1956 2069 et
1975 2011 2236 2087 justitia,
2281 2032 2407 2092 quae

313 2107 523 2186 passim
549 2106 609 2162 in
647 2104 866 2163 Sanctis
902 2102 1128 2161 obtinet
1147 2147 1163 2178 ‚
1194 2124 1437 2183 quaeque
1466 2125 1772 2185 nunquam
1806 2103 2069 2163 absoluta
2093 2127 2218 2164 esse
2261 2105 2408 2164 solet

304 2203 467 2276 juxta
502 2211 797 2279 receptum
822 2197 1062 2257 effatum
1101 2219 1114 2254 :
1150 2198 1258 2256 Ille
1284 2202 1629 2272 mamimus,
1664 2204 1777 2278 qui
1810 2211 2061 2279 arqetur
2103 2205 2399 2259 minimi&

397 2294 525 2352 184.
573 2293 658 2351 Ad
682 2293 786 2367 3¹1²,
814 2294 966 2352 Disc.
999 2292 1066 2350 Id
1080 2303 1167 2351 est
1187 2339 1202 2367 .,
1222 2292 1298 2350 ad
1320 2291 1455 2372 legis
1474 2295 1877 2374 praescriptum
1896 2340 1910 2368 .‚
1929 2295 2007 2352 ita
2024 2306 2089 2353 ut
2102 2295 2166 2352 in
2191 2295 2406 2354 nullius

310 2388 816 2469 reprehensionem
838 2389 1234 2461 incurrerent,
1271 2408 1460 2454 cone.,·
1493 2389 1572 2447 ita
1600 2400 1666 2446 ut
1689 2388 1913 2447 nullam
1944 2389 2038 2450 vel
2063 2388 2254 2450 levem
2287 2412 2408 2449 ma-

312 2483 502 2541 culam
530 2505 723 2542 coram
766 2487 886 2542 Deo
917 2481 1328 2541 contraherent
1361 2527 1378 2552 ,
1409 2505 1540 2563 neq.
1582 2484 1894 2543 Communi
1934 2484 2092 2543 enim
2128 2483 2409 2566 loquendi

313 2599 417 2634 usu
448 2577 645 2636 scribit
685 2577 1077 2658 Evangelista,
1122 2577 1219 2659 qui
1259 2599 1380 2636 non
1416 2578 1595 2637 alium
1628 2600 1866 2638 sensum
1898 2579 2152 2638 admittit
2193 2590 2407 2660 praeter

313 2673 634 2751 expositum
660 2715 675 2744 ‚
718 2683 890 2753 prout
935 2674 1112 2732 etiam
1168 2672 1324 2732 hunc
1379 2673 1574 2733 locum
1622 2675 2044 2757 interpretatur
2092 2675 2148 2734 S.
2209 2676 2407 2756 Augu-

313 2766 496 2824 stinus
525 2766 632 2845 (4).

381 2984 442 3048 (1)
482 2982 549 3032 De
589 2993 772 3050 peccat.
824 2986 982 3034 merit.
1033 2994 1079 3033 et
1124 2986 1313 3037 remiss.
1394 2986 1522 3036 mihi
1534 2986 1739 3048 videtur,
1762 2985 2022 3036 secundum
2040 2988 2301 3053 quamdam
2328 2990 2407 3036 in-

313 3065 398 3112 zib.
427 3080 460 3110 n
478 3100 492 3124 ,
524 3081 623 3130 cap.
653 3065 709 3115 6.
1396 3077 1467 3116 ter
1498 3056 1713 3118 homines
1741 3071 2145 3119 conversationem
2172 3070 2406 3137 probabi-

378 3146 443 3206 (2)
479 3145 577 3194 cfr.
608 3147 816 3205 Maldon.
846 3150 896 3196 in
924 3148 1051 3196 hunc
1077 3149 1167 3197 loe.
1393 3150 1489 3198 'lem
1523 3160 1661 3216 atque
1699 3150 2019 3214 laudabilem,
2057 3168 2204 3217 quam
2245 3151 2408 3201 nullus

385 3225 450 3289 (3)
484 3224 535 3274 S.
567 3225 762 3292 August.
790 3228 869 3277 De
889 3239 1068 3294 peccat.-
1090 3233 1248 3281 merit.
1271 3239 1316 3280 et
1395 3232 1796 3299 homiuumjum
1811 3243 1970 3300 peccet
1996 3237 2055 3282 in
2083 3236 2406 3284 amotionis

314 3308 502 3354 remiss.
528 3307 614 3355 lib.
644 3322 712 3369 11,
743 3326 844 3374 cap.
876 3309 939 3370 8,
974 3315 1157 3377 exponit
1187 3314 1315 3362 hunc
1394 3324 1439 3363 et
1470 3317 1830 3364 criminationis
1868 3316 2108 3381 querelam
2149 3331 2402 3366 vocarem.

310 3386 506 3435 ,Ioannis
524 3399 695 3436 textum
708 3390 765 3438 de
779 3393 973 3455 perfecta
990 3398 1310 3455 renovatione,
1394 3397 1508 3445 Non
1533 3406 1691 3445 autem
1722 3397 1903 3445 dictum
1930 3408 1998 3446 est
2025 3399 2110 3447 hoc
2141 3398 2406 3448 secundum

315 3484 457 3533 quam
482 3469 793 3533 adipiscuntur
813 3474 924 3538 justi
950 3477 1000 3522 in
1027 3478 1118 3524 vita
1143 3477 1306 3539 beata3
1393 3467 1528 3526 illam
1560 3478 1898 3543 perfectionem
1927 3483 2141 3545 justitiae
2161 3515 2178 3541 ‚
2216 3482 2275 3528 in
2308 3496 2404 3544 qua

313 3551 382 3597 sic
410 3551 544 3597 etiam
575 3550 691 3599 ibid.
726 3568 828 3617 cap.
863 3570 915 3619 9.
1398 3572 1504 3607 vere
1545 3567 1682 3624 atque
1734 3562 1869 3608 omm'
1920 3564 2054 3612 modo
2103 3561 2405 3610 immaculati

383 3630 450 3694 (h)
484 3630 589 3678 Lib.
615 3633 697 3679 De
707 3641 833 3696 qrat.
855 3633 1066 3697 Christi,
1084 3654 1183 3702 cap.
1214 3636 1279 3701 48
1302 3656 1315 3686 :
1391 3641 1679 3707 perfectique
1709 3644 1948 3696 vivamtw.

317 3708 525 3759 Dictum
568 3713 697 3760 enim
730 3723 825 3776 est,
865 3717 1047 3782 inquit,
1080 3727 1318 3782 quantum
