2430 4056
504 185 665 222 rur.
711 186 775 221 11.
818 181 937 221 cu».
982 182 1048 218 11.
1096 182 1164 217 nn
1207 179 1648 220 Jusrnucs‘nonn
1688 180 1853 218 nuru.
2117 159 2236 217 253

240 323 379 382 557.
427 324 529 382 His
548 323 627 382 ita
648 320 992 395 constitutis7
1022 341 1329 380 consonam
1351 341 1470 398 esse
1487 319 1673 378 'Sacris
1693 319 1917 379 Litteris
1937 317 2238 380 veritatem

159 417 495 484 catholicam
514 462 531 494 7
557 437 728 498 quam
763 415 1199 475 enunciavimus
1220 461 1236 490 7
1262 415 1340 475 sic
1366 413 1724 473 ostendimus
1756 436 1769 471 ε
1805 416 1986 474 Sacrae
2010 413 2237 473 Litterae

159 509 234 570 ad
272 512 738 589 justificationem
783 509 1086 590 requirunt
1135 511 1367 568 firmum
1422 529 1718 567 assensum
1766 506 1839 565 ad
1895 529 1960 566 ea
2007 507 2236 579 omnia,

160 622 284 685 quae
304 602 783 676 Deus1revelavit3
810 624 960 683 erg0.
995 605 1171 675 Nam,
1200 603 1377 662 Marci
1406 622 1529 682 cap.
1553 600 1661 658 ult.
1697 601 1803 673 15,
1834 601 1912 658 ait
1932 601 2190 659 Christus
2217 623 2230 658 :

157 698 488 756 Proedicate
516 697 916 776 Evanqelium
949 699 1115 755 omni
1138 707 1426 754 creaturoe
1447 722 1475 769 ,-
1504 700 1615 774 qui
1638 696 2014 754 crediderit...
2040 698 2239 754 salvus

157 798 313 866 erit3
343 794 513 850 Joan.
546 793 648 849 XX
673 836 689 866 7
719 790 788 849 31
823 814 835 849 :
865 791 1013 850 Hoec
1045 794 1265 869 scripta
1292 801 1434 849 sunt
1459 835 1475 862 7
1507 800 1578 847 ut
1597 791 1874 860 credatis,
1898 794 2046 867 quia
2065 791 2239 849 Jesus

157 897 239 944 est
258 886 526 945 Christus
549 887 753 944 Filius
766 887 900 959 Dei,
927 895 982 943 et
1006 895 1072 942 ut
1097 885 1387 942 credentes
1414 887 1597 940 vitam
1627 883 1892 941 habeatis
1910 889 1979 940 in
1999 889 2238 943 nomine

155 984 319 1058 {ju-33
363 982 529 1038 Rom.
570 981 620 1037 X
643 1024 657 1052 7
698 981 732 1037 9
772 1002 784 1037 2
827 981 900 1038 Si
929 980 1259 1058 confitearis
1288 983 1357 1035 in
1393 999 1488 1035 ore
1513 988 1608 1036 tuo
1636 981 1962 1035 Dominum
1989 979 2198 1037 ,Iesum
2215 1022 2236 1049 ,

155 1085 210 1133 et
231 1080 296 1133 in
310 1077 476 1133 corde
501 1086 595 1134 tuo
619 1075 970 1144 credideris,
988 1075 1148 1152 quod
1164 1076 1325 1132 Deus
1354 1075 1529 1131 illum
1551 1077 1858 1131 suscitavit
1875 1095 1913 1131 a
1943 1078 2195 1131 mortuis
2211 1098 2234 1140 ,⁴

154 1173 353 1229 salvus
400 1175 535 1229 eris.
584 1173 864 1245 Demum7
912 1169 1035 1227 aliis
1095 1168 1315 1226 omissis
1335 1213 1350 1242 7
1404 1170 1525 1227 Act.
1578 1163 1704 1227 VIII
1726 1215 1740 1242 7
1795 1168 1867 1226 37
1893 1213 1909 1242 7
1961 1167 2237 1226 Eunucho

154 1262 439 1345 baptisma
465 1264 685 1343 petenti
726 1263 1025 1344 respondit
1060 1262 1361 1344 Philippus
1400 1285 1412 1321 :
1455 1265 1527 1321 Si
1557 1266 1745 1322 credis
1783 1285 1852 1321 em
1895 1274 2002 1321 toto
2032 1265 2235 1339 eorde,

157 1359 327 1431 licet,
356 1369 415 1416 et
448 1356 803 1438 respondens
829 1356 1214 1436 (Eunuchus)
1236 1402 1250 1430 7
1288 1358 1368 1414 ait
1409 1379 1422 1414 ε
1469 1360 1645 1415 Credo
1670 1403 1684 1431 7
1720 1360 1945 1416 Filium
1974 1359 2092 1416 Dei
2123 1380 2238 1416 esse

153 1453 359 1512 Jesum
390 1452 712 1511 Christum.
749 1451 835 1530 (l)
879 1453 1009 1509 Jam
1044 1472 1179 1511 vero
1211 1451 1274 1508 in
1306 1451 1394 1508 his
1425 1451 1691 1510 omnibus
1719 1472 1793 1510 ne
1815 1451 2059 1511 verbum
2100 1453 2233 1532 qui-

157 1543 292 1604 dem
325 1548 566 1604 occurrit
609 1545 681 1603 de
711 1545 1064 1606 Novatorum
1103 1544 1331 1603 fiducia.

237 1639 374 1698 558.
423 1640 758 1698 Consonam
786 1660 1013 1720 quoque
1036 1660 1157 1699 esse
1187 1639 1449 1698 eamdem
1472 1639 1796 1698 doctrinam
1818 1641 2098 1701 universae
2123 1651 2238 1701 tra-

162 1733 369 1792 ditioni
393 1779 409 1809 7
436 1745 661 1792 constat
689 1755 756 1792 ex
786 1734 1178 1814 antiquissima
1208 1734 1620 1793 consuetudine
1638 1779 1653 1807 7
1680 1755 1800 1815 quae
1826 1739 1948 1812 jam
1976 1757 2006 1793 a
2036 1737 2236 1816 primis

155 1826 413 1886 Ecclesiae
451 1827 656 1886 seculis
692 1828 752 1884 in
790 1827 1034 1886 Ecclesia
1066 1829 1333 1887 universa
1369 1828 1621 1887 obtinuit
1649 1874 1664 1903 7
1715 1829 1977 1907 exigendi
2005 1851 2037 1887 a
2082 1842 2236 1889 cate-

154 1919 450 1978 chumenis
477 1932 611 1979 ante
646 1920 930 2001 baptisma
965 1923 1382 2002 professionem
1416 1924 1836 2003 praecipuorum
1864 1923 1996 1981 fidei
2029 1936 2238 1981 nostrae

153 2014 520 2080 articulorum
545 2060 561 2089 7
618 2015 717 2095 qui
758 2016 819 2071 in
874 2014 1134 2094 symbolo
1189 2014 1513 2096 Apostolico
1569 2017 1942 2074 continentur
1984 2017 2070 2097 (2)
2099 2042 2115 2089 ς
2175 2018 2236 2075 in

99 2148 104 2151 -
155 2108 359 2189 quibus
397 2107 625 2166 nullum
660 2109 965 2188 vestigium
1009 2110 1255 2167 occurrit
1289 2108 1360 2168 de
1398 2109 1628 2190 speciali
1664 2109 1868 2168 fiducia
1897 2109 2002 2167 sibi
2032 2110 2233 2169 dimis-

156 2223 347 2260 sorum
378 2213 761 2283 peccatorum.
793 2206 1211 2282 Argumentum
1231 2248 1247 2278 7
1279 2204 1435 2284 quod
1462 2226 1532 2263 ex
1561 2205 1668 2263 hac
1700 2206 1984 2262 constanti
2012 2217 2071 2263 et
2107 2206 2238 2263 uni-

155 2292 363 2356 versali
386 2296 800 2355 consuetudine
840 2298 1093 2375 exurgit,
1138 2318 1438 2377 nunquam
1484 2319 1604 2355 non
1648 2297 2023 2357 vehementer
2073 2299 2239 2356 torsit

152 2388 549 2449 haereticorum
576 2392 820 2469 ingenia.
1301 2378 1324 2382 ‘i

179 2502 181 2504 ·
232 2483 368 2541 559.
414 2484 561 2542 Hinc
584 2505 1072 2565 supervacaneum
1104 2495 1375 2565 putamus
1399 2486 1636 2542 Patrum
1671 2485 2001 2544 testimonia
2036 2486 2235 2564 singil-

153 2577 317 2636 latim
347 2578 637 2660 appellare
653 2623 668 2654 7
700 2601 828 2660 quae
854 2579 1023 2657 longo
1041 2579 1265 2657 agmine
1285 2578 1517 2637 adducit
1535 2579 1912 2637 Bellarminus
1933 2580 2043 2660 (3).
2069 2581 2236 2639 Certe

155 2673 224 2730 S,
254 2671 487 2730 Basilius
521 2671 720 2748 docet7
768 2672 944 2732 fidem
973 2672 1134 2730 illam
1169 2672 1243 2731 ad
1281 2671 1526 2731 salutem
1554 2684 1612 2731 et
1632 2674 2102 2750 justificationem
2128 2695 2234 2732 ne-

154 2765 452 2824 cessariam
479 2787 598 2825 esse
621 2811 636 2840 7
665 2788 777 2848 qua
810 2766 1125 2826 creduntur
1148 2810 1163 2839 7
1192 2787 1319 2847 quae
1342 2769 1492 2825 Deus
1516 2767 1794 2829 revelavit
1830 2768 1942 2848 (4);
1969 2770 2024 2826 S.
2056 2767 2231 2846 Cyril-

154 2859 242 2918 lus
281 2859 560 2918 Hierosol.
598 2860 773 2920 fidem
793 2862 1209 2939 justificantem
1243 2873 1408 2922 vocat
1443 2860 1619 2920 fidem
1665 2861 2077 2941 dogmaticam,
2120 2884 2233 2943 qua

155 2953 438 3014 credimus
475 2956 675 3013 Jesum
717 2976 838 3014 esse
877 2955 1171 3015 Christum
1193 2966 1365 3038 atque
1402 2978 1434 3014 a
1459 2956 1700 3014 mortuis
1725 2956 2100 3039 resurrexisse
2117 2957 2228 3038 (5);

220 3196 290 3262 (1)
325 3197 419 3247 cfr.
439 3198 654 3249 Bellarm.
683 3200 770 3248 loc.
790 3202 871 3249 cit.
899 3216 1002 3265 cap.
1033 3216 1081 3248 vr
1104 3209 1149 3248 et
1229 3198 1312 3249 lib‘.
1342 3216 1393 3246 xl
1417 3233 1432 3260 ,
1464 3215 1567 3263 cap.
1596 3213 1663 3245 vu
1684 3234 1697 3256 ‚
1723 3197 1749 3264 §
1775 3196 1807 3246 8
1831 3208 1874 3247 et
1900 3217 1994 3266 seq.

153 3296 285 3344 seqq.
1303 3279 1366 3342 (3)
1399 3278 1479 3326 De
1491 3278 1662 3343 justif.
1692 3278 1776 3328 lib.
1793 3297 1834 3341 1,
1854 3297 1957 3344 cap.
1982 3296 2030 3346 9.

222 3360 283 3422 (2)
319 3359 418 3408 cfr.
459 3377 560 3425 quae
601 3362 860 3426 scripsimus
901 3363 952 3409 in
993 3360 1148 3410 Tract.
1307 3360 1372 3423 (4)
1399 3358 1552 3408 Hom.
1579 3359 1635 3407 de
1661 3360 1819 3421 Fide,
1841 3379 1888 3409 n.
1918 3379 1950 3410 1.
1980 3379 2084 3426 opp.
2115 3362 2228 3412 edit.

155 3440 236 3489 De
276 3440 468 3489 Trinit.
496 3458 549 3489 n.
588 3439 683 3504 104¹
705 3459 809 3490 cum
830 3445 950 3491 notis
973 3444 1151 3507 apposi-
1233 3439 1386 3488 Maur.
1414 3450 1529 3488 tom.
1554 3457 1609 3501 117
1636 3458 1735 3506 pag.
1752 3439 1867 3504 224.

156 3523 230 3570 tis.
247 3521 346 3570 cfr.
367 3523 501 3570 etiam
512 3520 779 3586 Binghami,
792 3519 1034 3587 Oriqines‚
1050 3524 1148 3570 sive
1296 3521 1359 3584 (ὅ)
1388 3520 1577 3571 Cateoh.
1612 3540 1660 3583 v,
1687 3522 1765 3571 De
1780 3522 1909 3571 Fide
1924 3530 1969 3571 et
1980 3519 2196 3587 Symbola
2211 3557 2226 3582 7

150 3602 478 3667 antiquitates,
500 3612 586 3652 etc.
604 3601 731 3651 Halae
747 3639 761 3664 7
784 3618 906 3669 1727
928 3604 1059 3669 μοὶ.
1081 3620 1147 3662 ιν,
1231 3619 1282 3652 n.
1307 3620 1351 3651 x.
