2540 4074
360 204 473 263 124
1117 218 1309 256 'rme-r.
1355 217 1424 257 m!
1466 216 1687 257 canu.

357 363 626 421 citaretur
650 405 666 434 ,
696 359 914 437 aliaque
940 355 1030 415 his
1056 356 1258 435 similia
1277 399 1292 429 ,
1326 353 1711 435 quaelongum
1737 366 1885 414 esset
1908 358 2419 433 enumerat-&Ne-

357 477 488 514 rum
513 454 601 512 his
620 450 1008 533 praetermissis
1037 450 1114 507 sic
1139 449 1386 530 pressius
1411 449 1723 508 Novatores
1746 449 2183 530 perstringimus
2210 472 2223 506 :
2259 449 2419 509 Falsa

357 560 443 608 est
459 569 521 606 ea
550 546 800 604 doctrina
823 588 837 615 .,
864 563 988 623 quae
1004 563 1073 601 ex
1089 542 1228 601 falso
1240 540 1475 623 profluit
1496 541 1804 623 principi03
1827 542 1944 602 tale
1967 565 2139 624 porro
2160 553 2246 601 est
2267 543 2422 622 prin-

352 642 561 721 cipium
598 640 951 696 Novatorum
977 680 995 717 y,
1035 636 1306 693 amiSsum
1344 654 1556 714 nempe
1592 646 1650 693 et
1685 637 2003 695 extinctum
2042 638 2213 695 fuisse
2242 637 2413 717 primi

344 732 594 815 parentis
615 740 845 811 peccato
873 728 1117 788 liberum
1141 727 1452 790 voluntatis
1479 726 1783 788 arbitrium
1801 774 1818 805 ‚
1850 742 1914 790 ut
1941 753 2044 790 suo
2074 731 2198 790 loco
2221 742 2420 790 osten-

346 826 530 884 dimus
570 823 673 904 (l).
708 825 870 902 Ergo·

1131 1023 1611 1066 DIFFICULTATES.

423 1190 560 1248 267.
610 1188 736 1267 Ohj.
764 1189 967 1269 prima.
999 1188 1254 1246 Efficacia
1275 1233 1290 1261 ,
1331 1209 1506 1268 quam
1547 1187 1854 1269 Scripturae
1895 1187 2164 1247 tribuunt
2186 1190 2377 1269 gratiae
2399 1236 2413 1264 7

344 1282 470 1340 talis
496 1294 580 1341 est
598 1327 613 1356 7
645 1294 709 1340 ut
739 1304 970 1341 omnem
1006 1281 1407 1340 indifferentiae
1429 1283 1676 1342 activam
1701 1281 2031 1341 libertatem
2061 1281 2285 1342 homini
2303 1283 2418 1342 adi-

343 1387 480 1434 mat.
510 1378 753 1451 Etenim,
777 1368 975 1435 Erech.
995 1378 1227 1434 XXXVI
1237 1422 1252 1451 .,
1277 1378 1355 1434 26
1376 1422 1391 1450 a
1409 1398 1480 1436 ex
1495 1378 1595 1435 Dei
1612 1378 1847 1436 nomine
1863 1377 2069 1457 legitur
2087 1400 2099 1435 ε
2119 1379 2417 1456 Auferam

340 1493 437 1530 cor
470 1474 771 1549 lapideum
805 1474 873 1530 de
905 1495 1082 1531 carne
1110 1485 1298 1532 vestra
1319 1519 1334 1548 7
1371 1485 1425 1532 et
1445 1476 1595 1532 dabo
1639 1475 1798 1532 vobis
1833 1461 1934 1532 cor
1965 1495 2318 1532 carneum...
2366 1485 2421 1531 et

332 1569 564 1643 faciam
593 1577 660 1623 ut
683 1573 747 1624 in
780 1573 1094 1645 praeceptis
1120 1573 1263 1625 meis
1285 1570 1632 1640 ambuletz'33
1668 1579 1726 1626 et
1749 1570 1783 1626 J
1787 1589 1914 1626 oan.
1945 1569 2018 1626 VI
2037 1612 2052 1641 ,
2079 1567 2157 1625 44
2185 1589 2199 1624 z
2228 1567 2417 1627 Nemo

330 1670 546 1737 potest,
572 1660 755 1741 inquit
780 1662 1033 1719 Christus
1049 1705 1070 1733 ,
1106 1667 1305 1719 vem're
1328 1664 1414 1720 ad
1435 1684 1525 1720 me
1543 1706 1564 1733 ,
1590 1666 1714 1720 nisi
1736 1663 1948 1735 Pater,
1975 1665 2084 1739 qui
2111 1667 2279 1720 misit
2303 1684 2415 1736 me,

341 1758 592 1811 traxerit
628 1777 800 1828 eum5
841 1767 898 1814 et
925 1777 983 1816 V.
1037 1755 1113 1812 45
1144 1779 1156 1813 ε
1199 1759 1409 1815 Omnis
1421 1800 1445 1828 ,
1481 1762 1593 1835 qui
1629 1758 1927 1816 audz‘vz‘ca
1956 1758 2140 1816 Patre
2175 1769 2230 1815 et
2267 1758 2420 1815 didi-

342 1853 423 1905 οἰῶ
438 1892 458 1918 ,
498 1854 651 1906 venit
682 1853 765 1908 ad
785 1873 893 1909 me.
927 1851 1228 1932 Apostolus
1257 1851 1507 1932 denique
1529 1897 1544 1926 a
1577 1850 1828 1932 Philipp.
1864 1853 1913 1909 II
1934 1896 1949 1924 ,
1973 1851 2060 1909 ’13
2097 1874 2108 1908 :
2149 1854 2310 1911 Deus
2336 1861 2420 1910 est

341 1947 449 2019 qui
496 1956 774 2020 operatur
806 1950 873 2003 in
909 1948 1066 2004 vobis
1092 1957 1147 2003 et
1177 1949 1309 2004 velle
1342 1957 1396 2008 et
1431 1947 1710 2025 perficere
1745 1968 1861 2025 pro
1897 1948 2057 2004 hona
2092 1949 2408 2004 voluntate.

344 2040 533 2095 Gratia
574 2040 742 2116 igitur
784 2040 989 2098 Christi
1030 2040 1253 2098 nullam
1291 2042 1351 2098 in
1386 2041 1622 2099 homine
1657 2043 1941 2100 actionem
1969 2040 2278 2121 relinquit,
2316 2041 2417 2121 qui

342 2134 563 2210 passive
601 2135 834 2192 omnino
871 2157 930 2195 se
959 2135 1133 2194 habet
1170 2135 1275 2194 sub
1304 2136 1480 2215 ipsius
1505 2136 1763 2216 potentia
1795 2146 1853 2193 et
1885 2136 2127 2193 actione.

419 2226 553 2285 268.
600 2230 763 2309 Resp.
798 2230 943 2309 Ney.
979 2241 1163 2289 antec.
1203 2230 1288 2288 Ad
1322 2230 1596 2289 adductas
1642 2252 1777 2291 vero
1815 2229 2218 2310 probationes7
2261 2251 2411 2311 resp.

348 2320 409 2376 1ο
443 2324 754 2398 generatim
776 2368 791 2396 a
838 2327 994 2382 Dz'st.
1036 2327 1105 2383 Et
1146 2324 1390 2384 adducta
1430 2325 1758 2383 testimonia
1787 2325 1990 2406 hisque
2014 2324 2218 2384 similia
2246 2325 2418 2383 infal-

339 2412 557 2472 libilem
594 2415 801 2475 divinae
823 2420 1013 2496 gratiae
1042 2419 1346 2477 efficaciam
1377 2419 1687 2478 adstruunt
1707 2466 1722 2495 a
1756 2442 1867 2501 qua
1893 2423 2043 2479 Deus
2066 2420 2138 2478 ab
2163 2420 2418 2478 humana

343 2507 639 2567 voluntate
682 2510 909 2570 obtinet
954 2514 1237 2594 quidquid
1259 2513 1419 2589 vult,
1447 2536 1634 2588 oonc.;
1670 2514 1980 2573 adstruunt
2001 2515 2195 2594 gratiae
2225 2515 2419 2574 effica-

343 2600 517 2674 ciam,
557 2624 682 2681 quae
715 2606 1110 2665 necessitatem
1150 2609 1393 2679 inferat,
1439 2631 1563 2688 neq.
1605 2610 1971 2668 Contrarium
2013 2610 2170 2669 enim
2205 2609 2419 2692 ubique

343 2695 647 2775 Scripturae
685 2712 1020 2778 supponunt
1039 2747 1054 2774 7
1095 2714 1159 2760 ut
1183 2702 1549 2783 probationes
1571 2749 1586 2777 .,
1617 2726 1755 2785 quas
1779 2704 2124 2786 protulimus
2154 2750 2169 2777 a
2197 2706 2314 2763 imo
2360 2715 2418 2763 et

341 2789 514 2846 totius
537 2789 731 2848 salutis
773 2795 1090 2852 oeconomia
1106 2800 1268 2871 juxta
1307 2797 1532 2856 easdem
1576 2801 1772 2857 Sacras
1811 2800 2050 2858 Litteras
2075 2799 2412 2858 ostendunt.

345 2883 467 2954 Quo
482 2893 674 2942 autem
697 2898 863 2966 paeto
881 2887 1191 2947 infallibilis
1205 2892 1397 2968 gratiae
1415 2892 1659 2951 efficacia
1683 2905 1740 2951 et
1760 2893 1932 2952 illaesa
1960 2894 2210 2953 humana
2240 2893 2418 2953 liber-

344 2987 430 3034 tas
469 2979 637 3036 simul
668 2981 845 3039 amice
862 2984 1210 3058 consistant,
1239 2986 1467 3063 gordius
1506 2988 1693 3048 nodus
1719 2999 1804 3047 est
1837 3033 1852 3062 a
1884 3011 2057 3070 quem
2068 2988 2419 3071 jampridem

348 3071 404 3127 S.
446 3073 789 3151 Augustinus
832 3080 1065 3157 agnovit
1100 3091 1157 3138 et
1190 3081 1525 3161 praedicavit
1565 3083 1676 3142 illis
1702 3083 1894 3145 verbis
1925 3107 1938 3142 :
1969 3086 2098 3146 Ista
2137 3089 2380 3164 quaestio
2396 3098 2418 3154 ,'

345 3164 459 3221 uhi
479 3166 548 3221 de
574 3170 826 3228 arbitrio
867 3174 1184 3233 voluntatis
1208 3185 1264 3231 et
1297 3176 1412 3234 Dei
1436 3184 1641 3256 qratia
1675 3181 2054 3258 disputatur,
2095 3189 2184 3238 ita
2224 3180 2424 3241 estad

346 3256 796 3320 discernendum
832 3267 1085 3342 difficilis
1098 3310 1119 3338 ,
1157 3279 1259 3344 ut,
1297 3274 1535 3348 quando
1571 3274 1915 3351 defenditur
1946 3276 2203 3333 liberum
2247 3275 2428 3350 arbi--

350 3354 543 3409 trium
570 3397 585 3426 ‚
622 3363 834 3433 neqari
867 3362 986 3418 Dei
1015 3367 1220 3440 qratia
1261 3367 1537 3424 videatur
1559 3413 1574 3442 .,
1621 3369 1859 3446 quando
1899 3382 2100 3429 autem
2131 3374 2423 3430 asseritur

412 3549 475 3614 (1)
513 3551 663 3602 Tract.
692 3551 762 3602 De
802 3555 905 3605 Deo
936 3559 1095 3610 Creat.
1122 3564 1213 3611 loe.
1254 3527 1336 3614 cit.
1419 3575 1472 3614 et.
1493 3566 1577 3616 lib.
1607 3569 1752 3620 arbit.
1785 3587 1886 3636 cap.
1924 3589 1982 3620 10
2013 3584 2056 3622 et
2088 3590 2219 3638 seqq.

344 3629 442 3680 Cfr.
469 3635 606 3682 etiam
639 3634 852 3685 Bellarm.
885 3638 966 3688 lib.
1009 3659 1084 3702 vr,
1114 3641 1186 3691 De
1207 3636 1334 3707 qrat.
