2430 4056
455 251 636 289 ram.
682 254 722 288 1.
766 251 887 288 cn».
934 249 989 287 v.
1037 251 1104 286 nn
1148 250 1367 288 onan-tc
1410 247 1848 288 msa-mmmmm.
2105 228 2212 297 181

133 392 393 451 Nemini
427 395 592 452 Deus
631 395 1006 450 correctionis
1048 393 1267 450 adimit
1300 395 1498 464 viam,
1546 412 1651 450 nec
1698 410 2056 469 quemquam
2077 391 2221 448 honi

122 487 511 565 possibilitate
535 486 816 564 dispoliat
839 485 947 563 (1).

215 580 350 639 392.
376 582 643 639 'Demum
670 622 685 651 7
742 579 942 638 ceteris
985 579 1204 638 omissis
1230 624 1247 654 7
1291 577 1614 638 Concilium
1659 577 2071 637 Tridentinum
2099 578 2219 637 ad-

134 694 328 737 versus
355 672 670 732 Lutberum
697 683 755 731 et
785 674 1088 732 Calvinum
1131 685 1404 754 negantes
1429 720 1444 747 7
1475 693 1638 753 posse
1674 671 1989 752 quemlibet
2024 674 2218 754 poeni—

132 767 374 827 tent-iam
412 787 616 846 agere7
652 766 775 827 haec
819 767 996 827 habet
1035 790 1049 824 ε
1099 769 1225 846 Qui
1264 768 1982 846 acceptajustificationis
2012 773 2220 847 qratia

34 929 37 931 ,
120 882 237 941 per
265 872 577 941 peccatum
615 864 961 921 exciderunt
982 908 998 936 7
1041 849 1260 921 rursus
1295 862 1634 939 justificari
1668 870 1988 938 poterunt7
2030 883 2168 918 cum
2195 906 2217 934 ,

129 960 418 1016 excitante
464 957 587 1015 'Deo
620 1002 636 1030 7
676 979 792 1037 per
829 960 1197 1037 poem‘tentioe
1249 964 1692 1014 sacramentum
1734 957 1943 1010 merito
1999 954 2226 1013 Christi

129 1054 430 1119 amissam,
445 1056 714 1130 qratiam
746 1072 1095 1130 recuperare
1108 1051 1578 1129 procuraverint
1599 1046 1707 1124 (2).
1735 1048 1845 1104 Pro
1869 1057 2024 1105 certo
2048 1049 2220 1126 igitur

128 1141 307 1203 habet
334 1144 650 1203 Concilium
675 1191 690 1219 7
726 1143 1120 1226 peccatoribus
1147 1142 1413 1202 omnibus
1437 1152 1646 1223 praesto
1674 1162 1795 1199 esse
1831 1139 2041 1215 divinae
2071 1162 2215 1220 grae-

129 1237 225 1297 tiae
253 1237 573 1298 subsidium
601 1286 616 1314 7
648 1261 763 1321 quo
788 1240 897 1321 ipsi
931 1242 1154 1319 possint
1189 1260 1221 1297 a
1257 1248 1493 1319 peccato
1527 1236 1876 1317 resipiscere.

933 1428 1411 1471 DIFFICULTATES.

120 1621 121 1624 ,
213 1565 350 1625 393.
400 1565 529 1645 Obj.
595 1568 803 1649 prima.
864 1569 921 1626 S.
972 1567 1322 1647 Augustinus
1381 1577 1447 1624 ut
1511 1566 1877 1647 exploratum
1944 1568 2183 1625 assumit
2204 1612 2219 1640 7

133 1660 380 1737 gratiam
410 1683 531 1719 non
553 1660 821 1720 omnibus
842 1682 872 1719 a
899 1663 1019 1719 Deo
1038 1661 1308 1720 conferri.
1347 1662 1408 1718 10
1437 1660 1531 1720 Ait
1553 1661 1710 1720 enim
1742 1683 1754 1717 z
1786 1662 2022 1720 Scimus
2041 1707 2055 1735 7
2075 1683 2224 1740 yra-

132 1756 285 1811 tiam
303 1775 425 1813 non
449 1757 724 1814 omnihus
752 1757 1094 1833 hominihus
1120 1756 1266 1813 dari
1274 1801 1285 1812 .
1320 1757 1555 1813 Scimus
1574 1798 1594 1826 ,
1612 1759 1695 1812 eis
1716 1799 1732 1827 7
1760 1756 1979 1833 quihus
2003 1757 2190 1814 datur
2207 1802 2221 1829 7

128 1851 542 1907 misericordia
582 1854 859 1929 gratuita
897 1851 1063 1907 dari.
1110 1851 1380 1925 Scimus,
1423 1854 1506 1908 eis
1531 1892 1552 1921 ,
1589 1851 1810 1927 quibus
1850 1871 1968 1907 non
2005 1852 2223 1922 datur,

109 1944 280 2018 justo
286 1943 528 2019 judicio
569 1945 682 2001 Dei
713 1965 834 2002 non
870 1945 1019 2002 dari
1046 1942 1154 2021 (3).
1195 1945 1262 2000 20
1288 1945 1467 2024 Loqui
1503 1955 1699 2002 autem
1735 1946 1790 2002 S.
1817 1946 2127 2003 Doctorcm
2153 1945 2225 2003 de

129 2036 309 2115 gratia
344 2036 647 2095 sufficienti
672 2082 688 2110 7
717 2049 881 2119 patet
923 2060 992 2096 ex
1025 2038 1091 2095 iis
1118 2083 1132 2112 7
1169 2058 1294 2118 quae
1336 2037 1533 2096 scribit
1574 2039 1638 2094 in
1689 2036 1790 2095 lib.
1845 2040 1933 2097 De
1977 2051 2224 2117 corrept.

99 2141 186 2187 'et
212 2141 368 2208 yrat.
398 2128 500 2188 ubi
533 2153 704 2211 agens
734 2131 806 2190 de
849 2133 1027 2210 gratia
1081 2131 1302 2190 Adamo
1354 2131 1558 2190 collata
1589 2177 1604 2206 7
1650 2132 1894 2212 ideoque
1940 2131 2011 2191 de
2048 2133 2227 2211 gratia

130 2224 438 2283 sufficienti
471 2227 550 2283 ait
577 2248 589 2283 ε
629 2226 818 2285 Nunc
852 2228 1073 2304 quibus
1101 2228 1253 2285 deest
1285 2229 1398 2285 tale
1426 2228 1841 2304 adjutorium,
1867 2234 2018 2305 y'am
2043 2250 2227 2307 poena

120 2324 359 2398 peccati
379 2330 461 2377 est
490 2320 602 2398 (4).
642 2320 707 2378 30
739 2322 882 2400 Ergo
905 2325 1071 2398 juxta
1104 2321 1298 2400 ipsum
1334 2321 1501 2402 culpa
1536 2321 1826 2400 originalis
1857 2333 1914 2380 ct
1937 2345 1968 2380 a
2006 2322 2227 2379 fortiori

130 2411 296 2493 culpa
322 2413 637 2493 personalis
672 2415 816 2472 ratio
841 2425 927 2473 est
956 2460 971 2488 7
1003 2436 1179 2495 quare
1207 2418 1356 2474 Deus
1382 2416 1678 2474 interdum
1705 2418 1990 2497 peccatori
2019 2417 2227 2495 gratias

130 2507 473 2567 sufficientes
506 2530 626 2566 non
668 2508 904 2567 tribuat.
950 2508 1013 2566 40
1042 2511 1189 2568 Sane
1217 2521 1543 2591 peccatores
1578 2510 1806 2589 indigni
1852 2522 1987 2569 sunt
2028 2512 2228 2592 quavis

131 2601 329 2679 gratia.
359 2602 519 2681 Ergo,

216 2694 351 2753 394.
395 2697 566 2778 Resp.
617 2696 767 2777 Ney.
808 2709 934 2756 ant.
988 2697 1076 2756 Ad
1129 2699 1207 2756 1¹¹²
1252 2709 1447 2757 autem
1482 2697 1710 2779 probat.
1762 2701 1919 2757 Dist.
1963 2699 2229 2758 Adstruit

130 2789 185 2846 S.
210 2782 602 2868 Augustinus,
635 2813 756 2849 non
794 2791 1063 2850 omnibus
1106 2791 1231 2851 dari
1259 2793 1466 2871 gratias
1528 2814 1701 2851 sensu
1742 2793 2229 2874 Semipelagiano-

121 2904 263 2959 rum
291 2927 307 2956 7
343 2905 486 2964 quos
519 2883 635 2944 illic
678 2886 982 2966 impugnat
1004 2931 1028 2959 ,
1071 2908 1256 2955 conc.,·
1295 2888 1356 2945 in
1413 2908 1584 2946 sensu
1621 2887 1898 2946 catholico
1921 2933 1934 2959 7
1975 2889 2217 2947 subdisc.

132 2970 253 3035 non
300 2977 569 3037 omnibus
628 3001 856 3062 semper
905 2981 1031 3040 dari
1075 2983 1283 3061 gratias
1334 2982 1588 3041 efficaces
1649 2993 1748 3039 aut
1800 2983 1974 3040 etiam
2017 2983 2224 3061 gratias

133 3071 399 3151 proxime
451 3073 833 3147 sufficientes7
885 3097 1073 3150 conca,
1127 3077 1333 3156 gratias
1386 3087 1608 3135 remote
1649 3076 1999 3136 sufficientes
2021 3122 2037 3152 7
2095 3099 2225 3156 neq.

138 3165 576 3247 semipelagiani
602 3169 759 3228 enim
791 3170 1224 3231 contendebant
1247 3216 1263 3246 7
1293 3174 1479 3230 Deum
1519 3170 1696 3248 gratia
1720 3192 1821 3229 sua
1842 3193 2071 3252 semper
2097 3193 2226 3230 om-

201 3355 272 3418 (1)
302 3355 442 3422 Κεφ.
471 3357 537 3406 ad
550 3342 607 3406 iv
629 3358 809 3426 Oly'ect.
831 3355 884 3408 V
880 3362 1058 3409 invem.
1083 3361 1135 3409 In
1218 3377 1315 3408 non
1339 3358 1626 3425 Deehamps,
1660 3378 1738 3426 op.
1770 3364 1851 3410 cit.
1885 3360 1974 3409 lib.
2004 3375 2083 3422 ιιι,
2106 3362 2225 3427 disp.

134 3436 247 3502 App.
273 3438 332 3486 ad
362 3448 476 3487 tom.
510 3455 543 3487 x
574 3457 684 3506 opp.
704 3440 755 3491 S.
777 3441 895 3507 Aug.
1222 3459 1304 3491 vm
1322 3479 1334 3502 ‚
1369 3460 1472 3507 cap.
1501 3457 1565 3490 w.

208 3518 276 3583 (2)
311 3517 434 3569 Sess.
462 3531 505 3568 vi
523 3544 542 3580 ‚·
558 3537 657 3586 cap.
680 3521 754 3586 14.
775 3521 864 3588 Qui
887 3524 1020 3589 plura
1049 3541 1132 3573 cu·
1286 3522 1353 3585 (3)
1367 3522 1531 3588 Epist.
1547 3538 1713 3584 ccxvn,
1731 3522 1796 3570 acl
1810 3521 1866 3570 V
1862 3521 2040 3584 nalem,
2063 3540 2232 3588 (παρη,

142 3600 242 3663 pit,
275 3600 407 3650 adeat
437 3601 684 3673 Tricassin.
714 3621 788 3670 op.
826 3607 903 3654 cit.
933 3603 1014 3653 De
1056 3623 1141 3654 ne·
1222 3624 1271 3654 n.
1304 3602 1336 3667 4
1353 3640 1369 3666 ,
1407 3602 1437 3653 5
1467 3615 1512 3654 et
1542 3603 1594 3654 6.

134 3683 341 3730 cessaria
361 3720 374 3744 7
405 3694 493 3734 etc.
525 3695 635 3734 sect.
657 3703 701 3746 v,
728 3684 754 3751 §
781 3702 799 3734 1
821 3696 865 3735 et
882 3703 1031 3754 seqq.;
1056 3704 1147 3737 nec
1231 3689 1235 3694 '
1294 3687 1354 3752 (14)
1391 3687 1505 3753 Cap,
1546 3705 1562 3736 1
1580 3703 1596 3733 1
1622 3723 1636 3747 7
1673 3705 1723 3736 n.
1753 3687 1834 3736 32.
