2430 4056
215 178 347 237 296·
458 166 461 175 ¹
568 226 572 230 ,
811 221 869 226 ..
964 196 1165 232 mmor.
1204 194 1548 235 ιυν-αιιΑΤιΑ.

219 341 575 402 stituendum
606 336 960 396 conditiones
998 336 1282 414 effingunt
1316 347 1386 395 et'
1407 330 1727 418 exposcunt
1771 359 1799 393 :.-
1824 337 1885 394 10
1918 347 1982 395 ut
2013 358 2157 418 opus
2196 337 2299 399 de·-

219 435 355 497 beat
396 455 512 495 esse
554 430 871 514 perfectum
909 452 1010 490 seu
1057 428 1325 496 omnibus
1374 434 1630 492 numeris
1675 431 2003 491 absolutum
2031 476 2047 506 7
2087 451 2302 513 purum

218 541 523 614 propterea
550 549 582 586 a
608 525 1012 607 qualicumque
1060 524 1508 606 imperfectionis
1537 547 1746 601 naev0⁴3
1805 527 1872 607 2⁰.
1912 516 1977 584 u't
2024 526 2187 585 nullo
2232 527 2302 586 ti-

218 623 341 683 tulo
375 625 449 680 sit
485 620 745 680 debitum
768 645 783 692 ς
808 620 888 678 -30
919 631 982 677 ut
1015 630 1281 676 nostrum
1315 619 1390 676 sit
1422 629 1629 678 etssnon
1658 620 1912 680 alienum
1933 666 1948 694 7
1989 642 2092 681 seu
2126 621 2305 700 gratia

218 726 486 799 partum3
531 714 596 772 4ο
638 726 704 772 ut
741 715 1176 795 proportionem
1221 711 1433 771 habeat
1466 713 1800 795 aequalit-atis
1839 737 1970 774 cum
2015 715 2300 775 mercede.

219 809 498 870 Catholici
535 831 567 868 e
608 830 882 868 converso
910 854 925 883 7
967 809 1190 885 rejectis
1228 807 1316 865 his
1361 806 1815 881 conditionibus,
1858 809 2065 890 qui-bus
2108 810 2306 890 positis

221 906 408 965 omnis
439 904 632 963 meriti
657 904 802 963 ratio
828 902 900 961 ab
924 902 1195 984 operibus
1219 904 1428 975 nostris
1450 901 1776 978 tolleretur,
1801 902 1937 963 alias
1959 915 2308 963 enumerant

221 998 579 1059 conditiones
627 999 700 1056 ad
749 1020 890 1078 opus
930 998 1294 1056 meritorium
1343 995 1811 1055 constituendum
1841 1041 1856 1070 7
1901 992 2308 1077 quarum'aliae

221 1106 392 1155 certae
421 1105 556 1153 sunt
591 1102 650 1153 et
682 1092 754 1152 ab
787 1091 1054 1152 omnibus
1101 1091 1363 1151 admissae
1392 1137 1407 1165 7
1444 1091 1566 1150 aliae
1612 1092 1674 1149 in
1718 1093 2166 1154 controversiam
2203 1115 2310 1153 vo-

187 1214 190 1217 ·
222 1201 448 1248 cantur.
881 1196 884 1198 ’

303 1283 441 1342 659.
489 1286 567 1343 Ac
592 1284 779 1367 primo
819 1284 1053 1365 quidem
1073 1329 1089 1358 7
1123 1283 1417 1364 supposita
1454 1279 1824 1341 distinctione
1849 1282 2006 1341 inter
2038 1282 2312 1342 meritum

223 1380 455 1460 proprie
484 1378 705 1437 dictum
741 1400 840 1437 seu
877 1381 946 1437 de
985 1380 1272 1458 condiyno
1318 1398 1383 1435 ac
1418 1377 1692 1434 meritum
1731 1377 2046 1458 improprie
2095 1375 2313 1435 dictum

225 1495 325 1533 seu
354 1476 422 1532 de
450 1494 703 1554 congruo
716 1518 739 1545 ,
770 1473 909 1532 alias
944 1474 1237 1552 assignant
1267 1472 1626 1531 conditiones
1671 1470 1745 1529 ad
1777 1471 2051 1530 meritum
2081 1470 2153 1530 de
2177 1491 2317 1529 con-

224 1568 399 1647 digno
427 1614 442 1642 7
481 1569 617 1627 alias
653 1568 727 1627 ad
767 1570 1042 1627 meritum
1078 1567 1149 1626 de
1188 1565 1437 1647 congruo
1466 1611 1480 1639 7
1518 1568 1638 1625 sive
1666 1587 1736 1624 ex
1774 1577 1938 1646 parte
1973 1564 2265 1646 operantis
2293 1609 2309 1638 7

224 1663 346 1723 sive
379 1685 447 1722 ex
485 1675 649 1744 parte
689 1664 876 1744 operis
905 1709 920 1737 7
966 1664 1085 1724 sive
1114 1684 1184 1721 ex
1220 1673 1384 1743 parte
1421 1659 1796 1720 retribuentis
1820 1706 1835 1735 7
1881 1682 2021 1741 quas
2060 1658 2314 1720 breviter

216 1758 548 1817 referemus.

306 1852 445 1911 660.
492 1854 577 1913 Ad
611 1853 886 1911 meritum
916 1854 990 1912 de
1025 1853 1308 1932 condigno
1350 1874 1419 1911 ex
1442 1862 1607 1933 parte
1630 1858 1930 1931 operantis
1956 1852 2085 1912 duae
2113 1849 2314 1910 condi-

225 1937 409 2005 tiones
439 1946 816 2006 essentialiter
843 1949 1218 2029 requiruntur
1257 1971 1268 2004 ε
1317 1948 1376 2005 10
1402 1958 1475 2034 ut,
1497 1948 1571 2005 sit
1601 1947 1824 2020 viator3
1857 1948 1926 2005 2'0
1946 1957 2010 2004 ut
2033 1947 2107 2005 sit
2123 1951 2311 2024 justus

225 2061 327 2098 seu
357 2041 419 2097 in
457 2052 607 2099 statu
637 2043 854 2119 gratiae.
1818 2118 1821 2122 .

309 2134 445 2191 661.
496 2134 659 2206 Quod
694 2136 789 2215 qui
831 2147 1085 2194 meretur
1118 2135 1326 2195 debeat
1363 2156 1483 2194 esse
1531 2136 1751 2209 viator7
1798 2136 2029 2194 nullum
2073 2134 2317 2193 dubium

227 2248 347 2286 esse
376 2239 568 2308 potest
587 2274 602 2302 7
639 2228 865 2288 dicente
901 2230 1124 2288 Christo
1148 2276 1163 2303 7
1191 2232 1359 2288 Joan.
1405 2231 1481 2286 IX
1502 2274 1516 2301 7
1556 2229 1592 2307 4
1626 2252 1638 2286 ε
1688 2231 1857 2289 Venit
1887 2251 2002 2287 noa*
2025 2273 2045 2301 ,
2076 2230 2318 2308 quando

224 2343 392 2379 nemo
414 2333 601 2399 potest
635 2329 878 2401 operari
899 2349 915 2397 ς
963 2336 1021 2383 et
1058 2324 1329 2405 Apostolo
1357 2369 1371 2397 7
1415 2323 1539 2381 Gal.
1577 2324 1683 2398 VI,
1720 2323 1793 2380 10
1834 2346 1846 2381 :
1888 2326 2055 2383 Dum
2092 2335 2319 2403 tempus

225 2416 507 2475 hahemus
520 2459 542 2486 ,
566 2437 880 2495 operemur
905 2419 1146 2476 bonum.
1170 2418 1317 2476 Hinc
1344 2417 1617 2476 monebat
1642 2418 2000 2477 Ecclesiastes
2019 2462 2034 2493 7
2067 2420 2167 2493 IX,
2199 2417 2271 2475 10
2298 2440 2311 2475 z

231 2511 649 2591 Quodcumque
675 2525 865 2592 potest
887 2519 1078 2589 facere
1104 2535 1323 2572 manus
1350 2525 1456 2572 tua
1479 2558 1502 2585 ,
1539 2520 1830 2572 instanter
1857 2532 2096 2592 operare
2118 2539 2143 2586 ‚-
2169 2518 2319 2592 quia

228 2626 329 2663 uec
367 2627 545 2684 opuS,
583 2629 686 2667 uec
725 2614 880 2666 ratio
903 2653 924 2680 ,
967 2615 1073 2690 ‘neo
1114 2614 1414 2688 sapientia
1437 2652 1462 2681 ,
1507 2630 1613 2667 neo
1649 2613 1898 2668 scie-ntia
1939 2620 2119 2667 erunt
2152 2609 2324 2689 apud

226 2703 479 2776 inferos7
514 2724 626 2779 quo
655 2714 720 2760 tu
753 2725 1063 2782 properas.

308 2796 442 2853 662.
489 2798 572 2854 De
609 2808 762 2855 statu
798 2799 992 2876 gratiae
1013 2843 1028 2872 7
1064 2820 1190 2880 quae
1210 2799 1524 2879 requiritur
1557 2798 1631 2857 ad
1654 2799 1958 2871 meritum,
1999 2809 2223 2857 constat
2247 2820 2317 2857 ex

225 2890 416 2950 verbis
442 2891 683 2966 Christi,
719 2894 887 2950 Joan.
922 2895 1019 2952 XV
1040 2939 1055 2964 7
1088 2894 1123 2951 4
1157 2917 1169 2951 :
1203 2896 1373 2953 Sicut
1387 2896 1620 2973 palmes
1649 2915 1768 2952 non
1785 2905 1972 2973 potest
2003 2896 2168 2972 ferre
2181 2897 2319 2972 fru-

227 2995 387 3043 ctum
425 3009 464 3044 a
490 2994 787 3067 semetipso
804 3031 825 3060 ,
862 2992 989 3046 nisi
1012 2993 1300 3048 manserit
1311 2994 1380 3047 iu
1414 2994 1567 3059 vite,
1594 2994 1678 3047 sic
1711 3011 1814 3047 nee
1837 3010 1932 3047 vos
1955 3033 1971 3064 7
1996 2976 2125 3047 nisi
2136 2993 2204 3046 in
2231 3011 2321 3047 me

229 3087 600 3156 manseritis3
632 3094 690 3142 et
717 3106 787 3142 ex
815 3083 1006 3144 verbis
1037 3083 1290 3164 Apostoli
1313 3129 1327 3158 7
1364 3086 1387 3142 Ι
1414 3085 1542 3143 Cor.
1568 3085 1701 3142 XIII
1720 3129 1736 3160 7
1765 3084 1799 3143 3
1825 3106 1837 3141 2
1867 3086 1938 3143 Si
1959 3085 2323 3142 distribuero

229 3178 297 3231 in
321 3177 478 3234 cibos
491 3200 834 3258 pauperum
860 3200 1056 3238 omnes
1072 3182 1389 3259 facultates
1411 3202 1572 3239 meas
1582 3223 1603 3251 2
1627 3191 1682 3237 et
1703 3185 1760 3238 si
1785 3181 2086 3238 tradidero
2109 3193 2322 3258 corpus

227 3289 425 3327 meum
446 3314 467 3342 ,
508 3278 594 3343 ita
621 3285 693 3331 ut
715 3276 997 3347 ardeam,
1035 3276 1388 3334 charitatem
1427 3285 1624 3333 autem
1662 3296 1785 3333 non
1817 3276 2077 3333 habuero
2101 3317 2123 3345 ,
2164 3274 2326 3332 nihil

228 3364 389 3421 mihi
404 3369 658 3443 prodest.
688 3370 835 3428 Hinc
869 3370 1080 3429 merito
1112 3371 1349 3429 confixae
1385 3370 1622 3428 fuerunt
1661 3391 1691 3427 a
1728 3371 1784 3428 S.
1819 3370 1918 3429 Pio
1942 3371 1987 3428 V
2009 3414 2025 3443 7
2067 3379 2124 3429 ct
2147 3370 2312 3446 Greg.

233 3458 366 3517 XIII
410 3474 714 3543 sequentes
742 3465 865 3551 Baji.
883 3465 1305 3547 propositiones
1335 3510 1351 3539 7
1393 3465 1518 3523 XII³
1551 3486 1563 3523 :
1593 3465 1835 3545 Pelagii
1871 3467 2157 3523 sententia
2195 3471 2277 3520 est
2299 3482 2318 3518 .·

229 3574 375 3632 opus
398 3555 621 3614 honum
651 3563 806 3617 citra
823 3565 1090 3639 qratiam
1118 3562 1453 3640 adoptionis
1484 3562 1722 3637 factum
1759 3581 1879 3619 non
1910 3569 1995 3618 est
2013 3560 2185 3636 requi
2213 3576 2318 3614 coe-

218 3645 387 3708 lestis
415 3656 792 3714 meritorium
810 3678 828 3722 ,-
849 3655 1001 3714 ΧΙΙΡ
1027 3677 1043 3713 :
1081 3656 1277 3738 Opera
1300 3656 1456 3716 hona
1478 3698 1499 3726 ,
1515 3678 1563 3715 a
1579 3656 1729 3734 fili-223
1755 3656 2090 3734 adoptionis
2111 3653 2278 3730 facta
2292 3692 2315 3722 ,
