<?xml version="1.0" encoding="UTF-8"?>
<!DOCTYPE html PUBLIC "-//W3C//DTD XHTML 1.0 Transitional//EN"
    "http://www.w3.org/TR/xhtml1/DTD/xhtml1-transitional.dtd">
<html xmlns="http://www.w3.org/1999/xhtml" xml:lang="en" lang="en">
 <head>
  <title>
</title>
<meta http-equiv="Content-Type" content="text/html;charset=utf-8" />
  <meta name='ocr-system' content='tesseract 3.04.00' />
  <meta name='ocr-capabilities' content='ocr_page ocr_carea ocr_par ocr_line ocrx_word'/>
</head>
<body>
  <div class='ocr_page' id='page_1' title='image "a603693805perruoft_0030.png"; bbox 0 0 2540 4074; ppageno 0'>
   <div class='ocr_carea' id='block_1_1' title="bbox 242 227 321 287">
    <p class='ocr_par' dir='ltr' id='par_1_1' title="bbox 242 227 321 287">
     <span class='ocr_line' id='line_1_1' title="bbox 242 227 321 287; baseline 0 0"><span class='ocrx_word' id='word_1_1' title='bbox 242 227 321 287; x_wconf 78' lang='lat'>24</span> 
     </span>
    </p>
   </div>
   <div class='ocr_carea' id='block_1_2' title="bbox 1007 247 1579 287">
    <p class='ocr_par' dir='ltr' id='par_1_2' title="bbox 1007 247 1579 287">
     <span class='ocr_line' id='line_1_2' title="bbox 1007 247 1579 287; baseline -0.002 -2"><span class='ocrx_word' id='word_1_2' title='bbox 1007 249 1200 287; x_wconf 71' lang='lat' dir='ltr'>TRAGT.</span> <span class='ocrx_word' id='word_1_3' title='bbox 1243 249 1313 287; x_wconf 75' lang='lat' dir='ltr'>DE</span> <span class='ocrx_word' id='word_1_4' title='bbox 1353 247 1579 287; x_wconf 77' lang='lat' dir='ltr'>GRATIA-</span> 
     </span>
    </p>
   </div>
   <div class='ocr_carea' id='block_1_3' title="bbox 242 387 2340 2260">
    <p class='ocr_par' dir='ltr' id='par_1_3' title="bbox 242 387 2340 2260">
     <span class='ocr_line' id='line_1_3' title="bbox 323 387 2328 471; baseline -0.001 -21"><span class='ocrx_word' id='word_1_5' title='bbox 323 390 421 450; x_wconf 77' lang='lat'>45.</span> <span class='ocrx_word' id='word_1_6' title='bbox 467 389 1058 452; x_wconf 81' lang='lat' dir='ltr'><strong>Animadvertendum</strong></span> <span class='ocrx_word' id='word_1_7' title='bbox 1110 399 1323 452; x_wconf 60' lang='lat' dir='ltr'>autem,</span> <span class='ocrx_word' id='word_1_8' title='bbox 1345 387 1440 446; x_wconf 87' lang='lat' dir='ltr'>hic</span> <span class='ocrx_word' id='word_1_9' title='bbox 1488 399 1576 446; x_wconf 91' lang='lat' dir='ltr'>est</span> <span class='ocrx_word' id='word_1_10' title='bbox 1622 389 1856 466; x_wconf 89' lang='lat' dir='ltr'>majoris</span> <span class='ocrx_word' id='word_1_11' title='bbox 1902 388 2328 471; x_wconf 84' lang='lat' dir='ltr'>perspicuitatis</span> 
     </span>
     <span class='ocr_line' id='line_1_4' title="bbox 246 479 2330 566; baseline -0.002 -23"><span class='ocrx_word' id='word_1_12' title='bbox 246 504 411 566; x_wconf 81' lang='lat' dir='ltr'>causa</span> <span class='ocrx_word' id='word_1_13' title='bbox 431 528 448 558; x_wconf 92' lang='lat'>7</span> <span class='ocrx_word' id='word_1_14' title='bbox 495 484 558 541; x_wconf 90' lang='lat'>1⁰</span> <span class='ocrx_word' id='word_1_15' title='bbox 607 485 694 563; x_wconf 79' lang='lat' dir='ltr'>agi</span> <span class='ocrx_word' id='word_1_16' title='bbox 731 485 792 541; x_wconf 91' lang='lat' dir='ltr'>in</span> <span class='ocrx_word' id='word_1_17' title='bbox 832 482 1102 564; x_wconf 71' lang='lat' dir='ltr'>praesenti</span> <span class='ocrx_word' id='word_1_18' title='bbox 1151 479 1543 563; x_wconf 85' lang='lat' dir='ltr'>propositione</span> <span class='ocrx_word' id='word_1_19' title='bbox 1593 479 1667 540; x_wconf 93' lang='lat' dir='ltr'>de</span> <span class='ocrx_word' id='word_1_20' title='bbox 1704 481 1843 540; x_wconf 78' lang='lat' dir='ltr'>sola·</span> <span class='ocrx_word' id='word_1_21' title='bbox 1864 482 2050 563; x_wconf 90' lang='lat' dir='ltr'>operis</span> <span class='ocrx_word' id='word_1_22' title='bbox 2098 480 2330 539; x_wconf 89' lang='lat' dir='ltr'>moralis</span> 
     </span>
     <span class='ocr_line' id='line_1_5' title="bbox 245 573 2333 655; baseline -0.001 -19"><span class='ocrx_word' id='word_1_23' title='bbox 245 579 582 637; x_wconf 72' lang='lat' dir='ltr'>substantia</span> <span class='ocrx_word' id='word_1_24' title='bbox 598 620 615 650; x_wconf 86' lang='lat'>7</span> <span class='ocrx_word' id='word_1_25' title='bbox 646 588 711 635; x_wconf 91' lang='lat' dir='ltr'>ut</span> <span class='ocrx_word' id='word_1_26' title='bbox 753 576 816 633; x_wconf 92' lang='lat' dir='ltr'>in</span> <span class='ocrx_word' id='word_1_27' title='bbox 850 574 1055 634; x_wconf 90' lang='lat' dir='ltr'>scholis</span> <span class='ocrx_word' id='word_1_28' title='bbox 1100 573 1376 655; x_wconf 89' lang='lat' dir='ltr'>loquendi</span> <span class='ocrx_word' id='word_1_29' title='bbox 1409 574 1793 634; x_wconf 68' lang='lat' dir='ltr'>mos&#39;obtinet</span> <span class='ocrx_word' id='word_1_30' title='bbox 1820 621 1836 650; x_wconf 92' lang='lat'>7</span> <span class='ocrx_word' id='word_1_31' title='bbox 1870 598 1992 635; x_wconf 90' lang='lat' dir='ltr'>non</span> <span class='ocrx_word' id='word_1_32' title='bbox 2023 588 2218 635; x_wconf 89' lang='lat' dir='ltr'>autem</span> <span class='ocrx_word' id='word_1_33' title='bbox 2258 575 2333 634; x_wconf 93' lang='lat' dir='ltr'>de</span> 
     </span>
     <span class='ocr_line' id='line_1_6' title="bbox 243 669 2333 752; baseline 0.001 -27"><span class='ocrx_word' id='word_1_34' title='bbox 243 673 402 730; x_wconf 83' lang='lat' dir='ltr'>modo</span> <span class='ocrx_word' id='word_1_35' title='bbox 443 692 540 729; x_wconf 89' lang='lat' dir='ltr'>seu</span> <span class='ocrx_word' id='word_1_36' title='bbox 564 670 636 730; x_wconf 89' lang='lat' dir='ltr'>de</span> <span class='ocrx_word' id='word_1_37' title='bbox 677 691 841 750; x_wconf 83' lang='lat' dir='ltr'>opere</span> <span class='ocrx_word' id='word_1_38' title='bbox 883 671 1341 748; x_wconf 68' lang='lat' dir='ltr'>supernaturali</span> <span class='ocrx_word' id='word_1_39' title='bbox 1363 678 1464 726; x_wconf 89' lang='lat' dir='ltr'>aut</span> <span class='ocrx_word' id='word_1_40' title='bbox 1504 671 1766 729; x_wconf 74' lang='lat' dir='ltr'>salutari</span> <span class='ocrx_word' id='word_1_41' title='bbox 1793 715 1808 745; x_wconf 92' lang='lat'>7</span> <span class='ocrx_word' id='word_1_42' title='bbox 1848 670 2107 752; x_wconf 87' lang='lat' dir='ltr'>adeoque</span> <span class='ocrx_word' id='word_1_43' title='bbox 2141 671 2231 750; x_wconf 82' lang='lat' dir='ltr'>agi</span> <span class='ocrx_word' id='word_1_44' title='bbox 2259 669 2333 729; x_wconf 90' lang='lat' dir='ltr'>de</span> 
     </span>
     <span class='ocr_line' id='line_1_7' title="bbox 243 762 2331 845; baseline -0 -21"><span class='ocrx_word' id='word_1_45' title='bbox 243 765 580 824; x_wconf 85' lang='lat' dir='ltr'>necessitate</span> <span class='ocrx_word' id='word_1_46' title='bbox 602 765 829 843; x_wconf 85' lang='lat' dir='ltr'>gratiae7</span> <span class='ocrx_word' id='word_1_47' title='bbox 871 784 997 844; x_wconf 86' lang='lat' dir='ltr'>quae</span> <span class='ocrx_word' id='word_1_48' title='bbox 1035 762 1490 845; x_wconf 90' lang='lat' dir='ltr'>supernaturalis</span> <span class='ocrx_word' id='word_1_49' title='bbox 1531 763 1766 843; x_wconf 89' lang='lat' dir='ltr'>quidem</span> <span class='ocrx_word' id='word_1_50' title='bbox 1819 765 1894 823; x_wconf 89' lang='lat' dir='ltr'>sit</span> <span class='ocrx_word' id='word_1_51' title='bbox 1932 769 2163 823; x_wconf 78' lang='lat' dir='ltr'>ratione</span> <span class='ocrx_word' id='word_1_52' title='bbox 2193 769 2298 823; x_wconf 78' lang='lat' dir='ltr'>sui</span> <span class='ocrx_word' id='word_1_53' title='bbox 2315 809 2331 838; x_wconf 95' lang='lat'>7</span> 
     </span>
     <span class='ocr_line' id='line_1_8' title="bbox 245 858 2334 937; baseline 0 -21"><span class='ocrx_word' id='word_1_54' title='bbox 245 880 365 917; x_wconf 91' lang='lat' dir='ltr'>non</span> <span class='ocrx_word' id='word_1_55' title='bbox 386 869 580 917; x_wconf 90' lang='lat' dir='ltr'>autem</span> <span class='ocrx_word' id='word_1_56' title='bbox 607 864 838 918; x_wconf 74' lang='lat' dir='ltr'>ratione</span> <span class='ocrx_word' id='word_1_57' title='bbox 861 859 1028 917; x_wconf 83' lang='lat' dir='ltr'>modi</span> <span class='ocrx_word' id='word_1_58' title='bbox 1049 879 1149 916; x_wconf 89' lang='lat' dir='ltr'>seu</span> <span class='ocrx_word' id='word_1_59' title='bbox 1174 859 1332 935; x_wconf 77' lang='lat' dir='ltr'>finis.</span> <span class='ocrx_word' id='word_1_60' title='bbox 1356 859 1680 937; x_wconf 87' lang='lat' dir='ltr'>Utrumque</span> <span class='ocrx_word' id='word_1_61' title='bbox 1707 858 1868 917; x_wconf 90' lang='lat' dir='ltr'>enim</span> <span class='ocrx_word' id='word_1_62' title='bbox 1891 869 2196 917; x_wconf 84' lang='lat' dir='ltr'>concurrat</span> <span class='ocrx_word' id='word_1_63' title='bbox 2226 879 2334 917; x_wconf 86' lang='lat' dir='ltr'>ne·-</span> 
     </span>
     <span class='ocr_line' id='line_1_9' title="bbox 244 950 2337 1033; baseline -0.001 -21"><span class='ocrx_word' id='word_1_64' title='bbox 244 973 397 1012; x_wconf 88' lang='lat' dir='ltr'>cesse</span> <span class='ocrx_word' id='word_1_65' title='bbox 439 964 527 1011; x_wconf 98' lang='grc' dir='ltr'>θεῖ</span> <span class='ocrx_word' id='word_1_66' title='bbox 553 952 627 1011; x_wconf 87' lang='lat' dir='ltr'>ad</span> <span class='ocrx_word' id='word_1_67' title='bbox 660 954 900 1032; x_wconf 81' lang='lat' dir='ltr'>gratiam</span> <span class='ocrx_word' id='word_1_68' title='bbox 935 952 1193 1011; x_wconf 88' lang='lat' dir='ltr'>absolute</span> <span class='ocrx_word' id='word_1_69' title='bbox 1232 950 1734 1033; x_wconf 88' lang='lat' dir='ltr'>supernaturalem</span> <span class='ocrx_word' id='word_1_70' title='bbox 1774 951 2244 1010; x_wconf 85' lang='lat' dir='ltr'>constituendam</span> <span class='ocrx_word' id='word_1_71' title='bbox 2271 971 2337 1010; x_wconf 91' lang='lat' dir='ltr'>ac</span> 
     </span>
     <span class='ocr_line' id='line_1_10' title="bbox 243 1044 2338 1127; baseline -0.001 -23"><span class='ocrx_word' id='word_1_72' title='bbox 243 1047 474 1127; x_wconf 88' lang='lat' dir='ltr'>proprie</span> <span class='ocrx_word' id='word_1_73' title='bbox 516 1046 712 1106; x_wconf 88' lang='lat' dir='ltr'>talem.</span> <span class='ocrx_word' id='word_1_74' title='bbox 753 1049 885 1106; x_wconf 81' lang='lat' dir='ltr'>Haec</span> <span class='ocrx_word' id='word_1_75' title='bbox 909 1058 1104 1105; x_wconf 88' lang='lat' dir='ltr'>autem</span> <span class='ocrx_word' id='word_1_76' title='bbox 1141 1046 1401 1104; x_wconf 90' lang='lat' dir='ltr'>omnium</span> <span class='ocrx_word' id='word_1_77' title='bbox 1431 1047 1622 1127; x_wconf 91' lang='lat' dir='ltr'>prima</span> <span class='ocrx_word' id='word_1_78' title='bbox 1660 1047 1881 1106; x_wconf 87' lang='lat' dir='ltr'>vocatio</span> <span class='ocrx_word' id='word_1_79' title='bbox 1921 1058 2009 1106; x_wconf 89' lang='lat' dir='ltr'>est</span> <span class='ocrx_word' id='word_1_80' title='bbox 2049 1046 2125 1104; x_wconf 90' lang='lat' dir='ltr'>ad</span> <span class='ocrx_word' id='word_1_81' title='bbox 2158 1044 2338 1103; x_wconf 89' lang='lat' dir='ltr'>fidem</span> 
     </span>
     <span class='ocr_line' id='line_1_11' title="bbox 244 1138 2339 1223; baseline 0 -25"><span class='ocrx_word' id='word_1_82' title='bbox 244 1163 361 1199; x_wconf 89' lang='lat' dir='ltr'>una</span> <span class='ocrx_word' id='word_1_83' title='bbox 401 1163 534 1200; x_wconf 89' lang='lat' dir='ltr'>cum</span> <span class='ocrx_word' id='word_1_84' title='bbox 574 1142 830 1201; x_wconf 89' lang='lat' dir='ltr'>interiori</span> <span class='ocrx_word' id='word_1_85' title='bbox 874 1141 1256 1200; x_wconf 83' lang='lat' dir='ltr'>illustratione</span> <span class='ocrx_word' id='word_1_86' title='bbox 1296 1151 1354 1200; x_wconf 92' lang='lat' dir='ltr'>et</span> <span class='ocrx_word' id='word_1_87' title='bbox 1394 1141 1805 1222; x_wconf 82' lang='lat' dir='ltr'>inspiratione,</span> <span class='ocrx_word' id='word_1_88' title='bbox 1849 1151 1916 1200; x_wconf 91' lang='lat' dir='ltr'>ut</span> <span class='ocrx_word' id='word_1_89' title='bbox 1943 1151 2142 1223; x_wconf 92' lang='lat' dir='ltr'>postea</span> <span class='ocrx_word' id='word_1_90' title='bbox 2190 1138 2339 1198; x_wconf 90' lang='lat' dir='ltr'>dice-</span> 
     </span>
     <span class='ocr_line' id='line_1_12' title="bbox 242 1235 2335 1315; baseline 0 -22"><span class='ocrx_word' id='word_1_91' title='bbox 242 1257 392 1294; x_wconf 76' lang='lat' dir='ltr'>mus,</span> <span class='ocrx_word' id='word_1_92' title='bbox 424 1236 491 1293; x_wconf 79' lang='lat'>20</span> <span class='ocrx_word' id='word_1_93' title='bbox 517 1235 850 1295; x_wconf 87' lang='lat' dir='ltr'>Notandum</span> <span class='ocrx_word' id='word_1_94' title='bbox 881 1247 968 1295; x_wconf 89' lang='lat' dir='ltr'>est</span> <span class='ocrx_word' id='word_1_95' title='bbox 988 1281 1003 1310; x_wconf 89' lang='lat'>7</span> <span class='ocrx_word' id='word_1_96' title='bbox 1045 1256 1178 1293; x_wconf 90' lang='lat' dir='ltr'>cum</span> <span class='ocrx_word' id='word_1_97' title='bbox 1205 1235 1508 1294; x_wconf 90' lang='lat' dir='ltr'>asserimus</span> <span class='ocrx_word' id='word_1_98' title='bbox 1533 1236 1778 1315; x_wconf 81' lang='lat' dir='ltr'>gratiam</span> <span class='ocrx_word' id='word_1_99' title='bbox 1795 1236 2180 1295; x_wconf 89' lang='lat' dir='ltr'>necessariam</span> <span class='ocrx_word' id='word_1_100' title='bbox 2211 1255 2335 1293; x_wconf 90' lang='lat' dir='ltr'>esse</span> 
     </span>
     <span class='ocr_line' id='line_1_13' title="bbox 245 1321 2338 1410; baseline 0 -23"><span class='ocrx_word' id='word_1_101' title='bbox 245 1341 373 1388; x_wconf 91' lang='lat' dir='ltr'>tum</span> <span class='ocrx_word' id='word_1_102' title='bbox 394 1329 467 1388; x_wconf 90' lang='lat' dir='ltr'>ad</span> <span class='ocrx_word' id='word_1_103' title='bbox 499 1352 694 1389; x_wconf 77' lang='lat' dir='ltr'>omnes</span> <span class='ocrx_word' id='word_1_104' title='bbox 720 1330 1230 1408; x_wconf 55' lang='lat' dir='ltr'>veritatesjordinis</span> <span class='ocrx_word' id='word_1_105' title='bbox 1256 1329 1534 1388; x_wconf 89' lang='lat' dir='ltr'>naturalis</span> <span class='ocrx_word' id='word_1_106' title='bbox 1566 1321 1986 1410; x_wconf 82' lang='lat' dir='ltr'>cognoscendas</span> <span class='ocrx_word' id='word_1_107' title='bbox 2006 1375 2021 1405; x_wconf 91' lang='lat'>7</span> <span class='ocrx_word' id='word_1_108' title='bbox 2059 1341 2197 1404; x_wconf 89' lang='lat' dir='ltr'>etc.7</span> <span class='ocrx_word' id='word_1_109' title='bbox 2226 1327 2338 1387; x_wconf 89' lang='lat' dir='ltr'>hoc</span> 
     </span>
     <span class='ocr_line' id='line_1_14' title="bbox 243 1422 2336 1504; baseline 0 -24"><span class='ocrx_word' id='word_1_110' title='bbox 243 1443 365 1481; x_wconf 90' lang='lat' dir='ltr'>non</span> <span class='ocrx_word' id='word_1_111' title='bbox 408 1422 592 1481; x_wconf 90' lang='lat' dir='ltr'>solum</span> <span class='ocrx_word' id='word_1_112' title='bbox 644 1434 899 1504; x_wconf 87' lang='lat' dir='ltr'>spectare</span> <span class='ocrx_word' id='word_1_113' title='bbox 951 1445 1167 1482; x_wconf 82' lang='lat' dir='ltr'>nexum</span> <span class='ocrx_word' id='word_1_114' title='bbox 1214 1423 1423 1482; x_wconf 90' lang='lat' dir='ltr'>harum</span> <span class='ocrx_word' id='word_1_115' title='bbox 1466 1425 1780 1483; x_wconf 85' lang='lat' dir='ltr'>veritatum</span> <span class='ocrx_word' id='word_1_116' title='bbox 1837 1436 1938 1483; x_wconf 87' lang='lat' dir='ltr'>aut</span> <span class='ocrx_word' id='word_1_117' title='bbox 1999 1422 2336 1484; x_wconf 87' lang='lat' dir='ltr'>divinorum</span> 
     </span>
     <span class='ocr_line' id='line_1_15' title="bbox 242 1513 2338 1598; baseline -0 -23"><span class='ocrx_word' id='word_1_118' title='bbox 242 1528 659 1598; x_wconf 91' lang='lat' dir='ltr'>praeceptorum</span> <span class='ocrx_word' id='word_1_119' title='bbox 677 1563 692 1591; x_wconf 97' lang='lat'>7</span> <span class='ocrx_word' id='word_1_120' title='bbox 712 1513 917 1577; x_wconf 83' lang='lat' dir='ltr'>verum</span> <span class='ocrx_word' id='word_1_121' title='bbox 942 1519 1115 1577; x_wconf 89' lang='lat' dir='ltr'>etiam</span> <span class='ocrx_word' id='word_1_122' title='bbox 1148 1529 1205 1578; x_wconf 89' lang='lat' dir='ltr'>et</span> <span class='ocrx_word' id='word_1_123' title='bbox 1229 1518 1605 1577; x_wconf 89' lang='lat' dir='ltr'>abstrusiores</span> <span class='ocrx_word' id='word_1_124' title='bbox 1637 1520 1910 1578; x_wconf 88' lang='lat' dir='ltr'>veritates</span> <span class='ocrx_word' id='word_1_125' title='bbox 1927 1539 1992 1576; x_wconf 92' lang='lat' dir='ltr'>ac</span> <span class='ocrx_word' id='word_1_126' title='bbox 2018 1515 2338 1575; x_wconf 87' lang='lat' dir='ltr'>difficiliora</span> 
     </span>
     <span class='ocr_line' id='line_1_16' title="bbox 242 1609 2338 1694; baseline -0.001 -25"><span class='ocrx_word' id='word_1_127' title='bbox 242 1623 526 1692; x_wconf 87' lang='lat' dir='ltr'>praecepta</span> <span class='ocrx_word' id='word_1_128' title='bbox 554 1623 679 1670; x_wconf 87' lang='lat' dir='ltr'>tum</span> <span class='ocrx_word' id='word_1_129' title='bbox 701 1611 960 1672; x_wconf 88' lang='lat' dir='ltr'>absolute</span> <span class='ocrx_word' id='word_1_130' title='bbox 986 1625 1114 1671; x_wconf 88' lang='lat' dir='ltr'>tum</span> <span class='ocrx_word' id='word_1_131' title='bbox 1139 1613 1378 1673; x_wconf 89' lang='lat' dir='ltr'>relative</span> <span class='ocrx_word' id='word_1_132' title='bbox 1408 1658 1424 1687; x_wconf 92' lang='lat'>7</span> <span class='ocrx_word' id='word_1_133' title='bbox 1460 1634 1523 1671; x_wconf 92' lang='lat' dir='ltr'>ac</span> <span class='ocrx_word' id='word_1_134' title='bbox 1554 1614 1844 1694; x_wconf 85' lang='lat' dir='ltr'>praecipue</span> <span class='ocrx_word' id='word_1_135' title='bbox 1873 1622 2230 1694; x_wconf 86' lang='lat' dir='ltr'>praeceptum</span> <span class='ocrx_word' id='word_1_136' title='bbox 2254 1609 2338 1668; x_wconf 89' lang='lat' dir='ltr'>di-</span> 
     </span>
     <span class='ocr_line' id='line_1_17' title="bbox 242 1703 2340 1788; baseline 0 -26"><span class='ocrx_word' id='word_1_137' title='bbox 242 1705 454 1784; x_wconf 84' lang='lat' dir='ltr'>ligendi</span> <span class='ocrx_word' id='word_1_138' title='bbox 491 1708 676 1764; x_wconf 89' lang='lat' dir='ltr'>Deum</span> <span class='ocrx_word' id='word_1_139' title='bbox 704 1728 877 1787; x_wconf 89' lang='lat' dir='ltr'>super</span> <span class='ocrx_word' id='word_1_140' title='bbox 915 1708 1129 1765; x_wconf 90' lang='lat' dir='ltr'>omnia.</span> <span class='ocrx_word' id='word_1_141' title='bbox 1171 1707 1235 1764; x_wconf 86' lang='lat'>30</span> <span class='ocrx_word' id='word_1_142' title='bbox 1264 1707 1599 1766; x_wconf 90' lang='lat' dir='ltr'>Notandum</span> <span class='ocrx_word' id='word_1_143' title='bbox 1626 1718 1711 1766; x_wconf 89' lang='lat' dir='ltr'>est</span> <span class='ocrx_word' id='word_1_144' title='bbox 1733 1752 1747 1780; x_wconf 92' lang='lat'>7</span> <span class='ocrx_word' id='word_1_145' title='bbox 1782 1706 2194 1788; x_wconf 86' lang='lat' dir='ltr'>impotentiam</span> <span class='ocrx_word' id='word_1_146' title='bbox 2220 1749 2236 1778; x_wconf 89' lang='lat'>7</span> <span class='ocrx_word' id='word_1_147' title='bbox 2271 1703 2340 1763; x_wconf 90' lang='lat' dir='ltr'>in</span> 
     </span>
     <span class='ocr_line' id='line_1_18' title="bbox 244 1800 2338 1882; baseline 0 -25"><span class='ocrx_word' id='word_1_148' title='bbox 244 1820 356 1880; x_wconf 91' lang='lat' dir='ltr'>qua</span> <span class='ocrx_word' id='word_1_149' title='bbox 375 1821 530 1858; x_wconf 87' lang='lat' dir='ltr'>nunc</span> <span class='ocrx_word' id='word_1_150' title='bbox 553 1800 727 1860; x_wconf 89' lang='lat' dir='ltr'>homo</span> <span class='ocrx_word' id='word_1_151' title='bbox 750 1800 943 1882; x_wconf 88' lang='lat' dir='ltr'>lapsus</span> <span class='ocrx_word' id='word_1_152' title='bbox 969 1813 1232 1862; x_wconf 86' lang='lat' dir='ltr'>versatur</span> <span class='ocrx_word' id='word_1_153' title='bbox 1255 1813 1519 1882; x_wconf 87' lang='lat' dir='ltr'>respectu</span> <span class='ocrx_word' id='word_1_154' title='bbox 1539 1802 1749 1859; x_wconf 89' lang='lat' dir='ltr'>horum</span> <span class='ocrx_word' id='word_1_155' title='bbox 1781 1803 2044 1859; x_wconf 91' lang='lat' dir='ltr'>omnium</span> <span class='ocrx_word' id='word_1_156' title='bbox 2062 1845 2078 1873; x_wconf 98' lang='lat'>7</span> <span class='ocrx_word' id='word_1_157' title='bbox 2102 1819 2228 1881; x_wconf 84' lang='lat' dir='ltr'>quae</span> <span class='ocrx_word' id='word_1_158' title='bbox 2251 1820 2338 1858; x_wconf 86' lang='lat' dir='ltr'>re-</span> 
     </span>
     <span class='ocr_line' id='line_1_19' title="bbox 245 1894 2334 1976; baseline -0 -24"><span class='ocrx_word' id='word_1_159' title='bbox 245 1896 570 1952; x_wconf 88' lang='lat' dir='ltr'>censuimus</span> <span class='ocrx_word' id='word_1_160' title='bbox 591 1941 607 1969; x_wconf 91' lang='lat'>7</span> <span class='ocrx_word' id='word_1_161' title='bbox 633 1899 916 1954; x_wconf 79' lang='lat' dir='ltr'>moralem</span> <span class='ocrx_word' id='word_1_162' title='bbox 934 1917 1055 1955; x_wconf 84' lang='lat' dir='ltr'>esse</span> <span class='ocrx_word' id='word_1_163' title='bbox 1071 1940 1087 1969; x_wconf 95' lang='lat'>7</span> <span class='ocrx_word' id='word_1_164' title='bbox 1116 1917 1238 1953; x_wconf 92' lang='lat' dir='ltr'>non</span> <span class='ocrx_word' id='word_1_165' title='bbox 1252 1896 1566 1974; x_wconf 72' lang='lat' dir='ltr'>physicam</span> <span class='ocrx_word' id='word_1_166' title='bbox 1586 1896 1708 1975; x_wconf 79' lang='lat' dir='ltr'>(l);</span> <span class='ocrx_word' id='word_1_167' title='bbox 1740 1895 1993 1976; x_wconf 90' lang='lat' dir='ltr'>alioquin</span> <span class='ocrx_word' id='word_1_168' title='bbox 2010 1894 2185 1953; x_wconf 92' lang='lat' dir='ltr'>homo</span> <span class='ocrx_word' id='word_1_169' title='bbox 2201 1914 2334 1952; x_wconf 83' lang='lat' dir='ltr'>reus</span> 
     </span>
     <span class='ocr_line' id='line_1_20' title="bbox 246 1988 2336 2071; baseline -0 -25"><span class='ocrx_word' id='word_1_170' title='bbox 246 1988 427 2069; x_wconf 82' lang='lat' dir='ltr'>culpae</span> <span class='ocrx_word' id='word_1_171' title='bbox 454 1988 572 2047; x_wconf 89' lang='lat' dir='ltr'>non</span> <span class='ocrx_word' id='word_1_172' title='bbox 599 2002 747 2048; x_wconf 92' lang='lat' dir='ltr'>esset</span> <span class='ocrx_word' id='word_1_173' title='bbox 766 2035 780 2063; x_wconf 91' lang='lat'>7</span> <span class='ocrx_word' id='word_1_174' title='bbox 823 2002 920 2047; x_wconf 86' lang='lat' dir='ltr'>aut</span> <span class='ocrx_word' id='word_1_175' title='bbox 956 2011 1087 2047; x_wconf 88' lang='lat' dir='ltr'>cum</span> <span class='ocrx_word' id='word_1_176' title='bbox 1124 1990 1285 2071; x_wconf 86' lang='lat' dir='ltr'>gravi</span> <span class='ocrx_word' id='word_1_177' title='bbox 1322 1990 1630 2048; x_wconf 84' lang='lat' dir='ltr'>tentationi</span> <span class='ocrx_word' id='word_1_178' title='bbox 1656 1990 1885 2049; x_wconf 90' lang='lat' dir='ltr'>cederet</span> <span class='ocrx_word' id='word_1_179' title='bbox 1905 2035 1920 2064; x_wconf 88' lang='lat'>7</span> <span class='ocrx_word' id='word_1_180' title='bbox 1947 2001 2047 2048; x_wconf 89' lang='lat' dir='ltr'>aut</span> <span class='ocrx_word' id='word_1_181' title='bbox 2078 2010 2212 2048; x_wconf 91' lang='lat' dir='ltr'>cum</span> <span class='ocrx_word' id='word_1_182' title='bbox 2240 2008 2336 2046; x_wconf 92' lang='lat' dir='ltr'>ar-</span> 
     </span>
     <span class='ocr_line' id='line_1_21' title="bbox 244 2083 2336 2165; baseline -0 -24"><span class='ocrx_word' id='word_1_183' title='bbox 244 2083 427 2141; x_wconf 89' lang='lat' dir='ltr'>duum</span> <span class='ocrx_word' id='word_1_184' title='bbox 459 2096 813 2165; x_wconf 72' lang='lat' dir='ltr'>praeceptum</span> <span class='ocrx_word' id='word_1_185' title='bbox 863 2085 1403 2164; x_wconf 75' lang='lat' dir='ltr'>transgrederetur;</span> <span class='ocrx_word' id='word_1_186' title='bbox 1445 2105 1552 2142; x_wconf 90' lang='lat' dir='ltr'>nec</span> <span class='ocrx_word' id='word_1_187' title='bbox 1598 2083 1816 2144; x_wconf 88' lang='lat' dir='ltr'>viribus</span> <span class='ocrx_word' id='word_1_188' title='bbox 1859 2107 1890 2142; x_wconf 91' lang='lat' dir='ltr'>a</span> <span class='ocrx_word' id='word_1_189' title='bbox 1935 2095 2143 2142; x_wconf 90' lang='lat' dir='ltr'>natura</span> <span class='ocrx_word' id='word_1_190' title='bbox 2187 2092 2336 2141; x_wconf 88' lang='lat' dir='ltr'>esset</span> 
     </span>
     <span class='ocr_line' id='line_1_22' title="bbox 245 2177 2335 2260; baseline -0.001 -24"><span class='ocrx_word' id='word_1_191' title='bbox 245 2190 606 2259; x_wconf 89' lang='lat' dir='ltr'>comparatus</span> <span class='ocrx_word' id='word_1_192' title='bbox 625 2224 639 2253; x_wconf 93' lang='lat'>7</span> <span class='ocrx_word' id='word_1_193' title='bbox 661 2200 785 2260; x_wconf 85' lang='lat' dir='ltr'>quae</span> <span class='ocrx_word' id='word_1_194' title='bbox 812 2180 1248 2260; x_wconf 83' lang='lat' dir='ltr'>proportionem</span> <span class='ocrx_word' id='word_1_195' title='bbox 1279 2190 1578 2237; x_wconf 89' lang='lat' dir='ltr'>servarent</span> <span class='ocrx_word' id='word_1_196' title='bbox 1617 2200 1750 2237; x_wconf 87' lang='lat' dir='ltr'>cum</span> <span class='ocrx_word' id='word_1_197' title='bbox 1786 2178 1912 2259; x_wconf 84' lang='lat' dir='ltr'>lege</span> <span class='ocrx_word' id='word_1_198' title='bbox 1946 2177 2197 2237; x_wconf 89' lang='lat' dir='ltr'>naturali</span> <span class='ocrx_word' id='word_1_199' title='bbox 2232 2197 2335 2235; x_wconf 90' lang='lat' dir='ltr'>seu</span> 
     </span>
    </p>
   </div>
   <div class='ocr_carea' id='block_1_4' title="bbox 311 2364 2335 2437">
    <p class='ocr_par' dir='ltr' id='par_1_4' title="bbox 311 2364 2335 2437">
     <span class='ocr_line' id='line_1_23' title="bbox 311 2364 2335 2437; baseline -0 -20"><span class='ocrx_word' id='word_1_200' title='bbox 311 2369 379 2436; x_wconf 88' lang='lat'>(1)</span> <span class='ocrx_word' id='word_1_201' title='bbox 413 2366 624 2435; x_wconf 77' lang='lat' dir='ltr'>Physica</span> <span class='ocrx_word' id='word_1_202' title='bbox 660 2369 929 2433; x_wconf 82' lang='lat' dir='ltr'>impotentia</span> <span class='ocrx_word' id='word_1_203' title='bbox 968 2369 1089 2417; x_wconf 90' lang='lat' dir='ltr'>idem</span> <span class='ocrx_word' id='word_1_204' title='bbox 1125 2370 1244 2419; x_wconf 87' lang='lat' dir='ltr'>valet</span> <span class='ocrx_word' id='word_1_205' title='bbox 1328 2371 1809 2430; x_wconf 83' lang='lat' dir='ltr'>circumstantiarum,</span> <span class='ocrx_word' id='word_1_206' title='bbox 1840 2389 1941 2437; x_wconf 77' lang='lat' dir='ltr'>quae</span> <span class='ocrx_word' id='word_1_207' title='bbox 1962 2372 2196 2435; x_wconf 83' lang='lat' dir='ltr'>negotium</span> <span class='ocrx_word' id='word_1_208' title='bbox 2217 2364 2335 2417; x_wconf 90' lang='lat' dir='ltr'>illud</span> 
     </span>
    </p>
   </div>
   <div class='ocr_carea' id='block_1_5' title="bbox 228 2451 1242 3739">
    <p class='ocr_par' dir='ltr' id='par_1_5' title="bbox 228 2451 1242 3739">
     <span class='ocr_line' id='line_1_24' title="bbox 244 2451 1242 2516; baseline -0.002 -15"><span class='ocrx_word' id='word_1_209' title='bbox 244 2468 300 2501; x_wconf 87' lang='lat' dir='ltr'>ac</span> <span class='ocrx_word' id='word_1_210' title='bbox 327 2455 595 2516; x_wconf 86' lang='lat' dir='ltr'>impotentia</span> <span class='ocrx_word' id='word_1_211' title='bbox 626 2451 867 2511; x_wconf 78' lang='lat' dir='ltr'>absoluta,</span> <span class='ocrx_word' id='word_1_212' title='bbox 910 2467 1014 2516; x_wconf 86' lang='lat' dir='ltr'>quae</span> <span class='ocrx_word' id='word_1_213' title='bbox 1041 2454 1242 2515; x_wconf 88' lang='lat' dir='ltr'>superari</span> 
     </span>
     <span class='ocr_line' id='line_1_25' title="bbox 241 2533 1241 2599; baseline -0.001 -16"><span class='ocrx_word' id='word_1_214' title='bbox 241 2535 503 2584; x_wconf 83' lang='lat' dir='ltr'>nullatenus</span> <span class='ocrx_word' id='word_1_215' title='bbox 518 2543 662 2598; x_wconf 85' lang='lat' dir='ltr'>potest</span> <span class='ocrx_word' id='word_1_216' title='bbox 681 2550 695 2596; x_wconf 82' lang='lat'>3</span> <span class='ocrx_word' id='word_1_217' title='bbox 722 2533 981 2599; x_wconf 87' lang='lat' dir='ltr'>cujusmodi</span> <span class='ocrx_word' id='word_1_218' title='bbox 995 2550 1066 2582; x_wconf 86' lang='lat' dir='ltr'>ex.</span> <span class='ocrx_word' id='word_1_219' title='bbox 1082 2549 1154 2599; x_wconf 85' lang='lat' dir='ltr'>gr.</span> <span class='ocrx_word' id='word_1_220' title='bbox 1174 2544 1241 2582; x_wconf 90' lang='lat' dir='ltr'>est</span> 
     </span>
     <span class='ocr_line' id='line_1_26' title="bbox 243 2614 1240 2680; baseline -0.003 -15"><span class='ocrx_word' id='word_1_221' title='bbox 243 2620 295 2666; x_wconf 86' lang='lat' dir='ltr'>in</span> <span class='ocrx_word' id='word_1_222' title='bbox 317 2617 505 2664; x_wconf 88' lang='lat' dir='ltr'>homine</span> <span class='ocrx_word' id='word_1_223' title='bbox 520 2615 578 2663; x_wconf 90' lang='lat' dir='ltr'>ad</span> <span class='ocrx_word' id='word_1_224' title='bbox 598 2614 844 2663; x_wconf 85' lang='lat' dir='ltr'>volandum</span> <span class='ocrx_word' id='word_1_225' title='bbox 863 2649 881 2676; x_wconf 84' lang='lat'>7</span> <span class='ocrx_word' id='word_1_226' title='bbox 912 2617 1020 2680; x_wconf 90' lang='lat' dir='ltr'>quia</span> <span class='ocrx_word' id='word_1_227' title='bbox 1039 2614 1122 2662; x_wconf 90' lang='lat' dir='ltr'>alis</span> <span class='ocrx_word' id='word_1_228' title='bbox 1136 2615 1240 2663; x_wconf 89' lang='lat' dir='ltr'>des-</span> 
     </span>
     <span class='ocr_line' id='line_1_27' title="bbox 241 2695 1240 2761; baseline -0.003 -14"><span class='ocrx_word' id='word_1_229' title='bbox 241 2702 400 2748; x_wconf 85' lang='lat' dir='ltr'>titutus</span> <span class='ocrx_word' id='word_1_230' title='bbox 431 2706 518 2745; x_wconf 89' lang='lat' dir='ltr'>est.</span> <span class='ocrx_word' id='word_1_231' title='bbox 557 2695 830 2761; x_wconf 84' lang='lat' dir='ltr'>Impotentia</span> <span class='ocrx_word' id='word_1_232' title='bbox 863 2695 1056 2743; x_wconf 71' lang='lat' dir='ltr'>moralis</span> <span class='ocrx_word' id='word_1_233' title='bbox 1084 2713 1136 2744; x_wconf 86' lang='lat' dir='ltr'>ea</span> <span class='ocrx_word' id='word_1_234' title='bbox 1163 2698 1240 2744; x_wconf 88' lang='lat' dir='ltr'>di·</span> 
     </span>
     <span class='ocr_line' id='line_1_28' title="bbox 244 2775 1238 2844; baseline -0.005 -15"><span class='ocrx_word' id='word_1_235' title='bbox 244 2783 364 2829; x_wconf 87' lang='lat' dir='ltr'>citur</span> <span class='ocrx_word' id='word_1_236' title='bbox 382 2816 397 2839; x_wconf 87' lang='lat'>7</span> <span class='ocrx_word' id='word_1_237' title='bbox 427 2796 527 2844; x_wconf 84' lang='lat' dir='ltr'>quae</span> <span class='ocrx_word' id='word_1_238' title='bbox 553 2793 666 2843; x_wconf 85' lang='lat' dir='ltr'>aegre</span> <span class='ocrx_word' id='word_1_239' title='bbox 686 2777 873 2843; x_wconf 90' lang='lat' dir='ltr'>quidem</span> <span class='ocrx_word' id='word_1_240' title='bbox 893 2794 945 2824; x_wconf 90' lang='lat' dir='ltr'>ac</span> <span class='ocrx_word' id='word_1_241' title='bbox 961 2775 1206 2826; x_wconf 87' lang='lat' dir='ltr'>difficulter</span> <span class='ocrx_word' id='word_1_242' title='bbox 1221 2813 1238 2838; x_wconf 82' lang='lat'>7</span> 
     </span>
     <span class='ocr_line' id='line_1_29' title="bbox 243 2859 1237 2924; baseline -0.003 -14"><span class='ocrx_word' id='word_1_243' title='bbox 243 2872 443 2910; x_wconf 87' lang='lat' dir='ltr'>attamen</span> <span class='ocrx_word' id='word_1_244' title='bbox 478 2859 682 2907; x_wconf 86' lang='lat' dir='ltr'>absolute</span> <span class='ocrx_word' id='word_1_245' title='bbox 723 2860 846 2906; x_wconf 84' lang='lat' dir='ltr'>vinci</span> <span class='ocrx_word' id='word_1_246' title='bbox 879 2867 1051 2922; x_wconf 81' lang='lat' dir='ltr'>potest3</span> <span class='ocrx_word' id='word_1_247' title='bbox 1091 2860 1237 2924; x_wconf 87' lang='lat' dir='ltr'>qualis</span> 
     </span>
     <span class='ocr_line' id='line_1_30' title="bbox 243 2940 1238 3008; baseline -0.001 -18"><span class='ocrx_word' id='word_1_248' title='bbox 243 2945 295 2990; x_wconf 89' lang='lat' dir='ltr'>in</span> <span class='ocrx_word' id='word_1_249' title='bbox 323 2951 495 3008; x_wconf 83' lang='lat' dir='ltr'>aegroto</span> <span class='ocrx_word' id='word_1_250' title='bbox 519 2942 773 3005; x_wconf 88' lang='lat' dir='ltr'>concipitur</span> <span class='ocrx_word' id='word_1_251' title='bbox 798 2940 857 2988; x_wconf 90' lang='lat' dir='ltr'>ad</span> <span class='ocrx_word' id='word_1_252' title='bbox 885 2940 1064 3003; x_wconf 88' lang='lat' dir='ltr'>pondus</span> <span class='ocrx_word' id='word_1_253' title='bbox 1087 2941 1238 3005; x_wconf 89' lang='lat' dir='ltr'>quod·</span> 
     </span>
     <span class='ocr_line' id='line_1_31' title="bbox 242 3022 1237 3087; baseline 0 -16"><span class='ocrx_word' id='word_1_254' title='bbox 242 3023 346 3071; x_wconf 91' lang='lat' dir='ltr'>dam</span> <span class='ocrx_word' id='word_1_255' title='bbox 374 3022 676 3070; x_wconf 90' lang='lat' dir='ltr'>attollendum</span> <span class='ocrx_word' id='word_1_256' title='bbox 692 3059 705 3083; x_wconf 95' lang='lat'>7</span> <span class='ocrx_word' id='word_1_257' title='bbox 730 3022 855 3087; x_wconf 90' lang='lat' dir='ltr'>quod</span> <span class='ocrx_word' id='word_1_258' title='bbox 876 3024 960 3086; x_wconf 86' lang='lat' dir='ltr'>ipsi</span> <span class='ocrx_word' id='word_1_259' title='bbox 984 3022 1237 3071; x_wconf 83' lang='lat' dir='ltr'>molestiam</span> 
     </span>
     <span class='ocr_line' id='line_1_32' title="bbox 241 3103 1232 3168; baseline 0 -16"><span class='ocrx_word' id='word_1_260' title='bbox 241 3104 442 3152; x_wconf 80' lang='lat' dir='ltr'>afferret.</span> <span class='ocrx_word' id='word_1_261' title='bbox 458 3103 641 3150; x_wconf 86' lang='lat' dir='ltr'>Moralis</span> <span class='ocrx_word' id='word_1_262' title='bbox 669 3121 799 3167; x_wconf 90' lang='lat' dir='ltr'>porro</span> <span class='ocrx_word' id='word_1_263' title='bbox 824 3104 919 3151; x_wconf 80' lang='lat' dir='ltr'>haec</span> <span class='ocrx_word' id='word_1_264' title='bbox 933 3106 1200 3168; x_wconf 86' lang='lat' dir='ltr'>impotentia</span> <span class='ocrx_word' id='word_1_265' title='bbox 1218 3141 1232 3165; x_wconf 97' lang='lat'>7</span> 
     </span>
     <span class='ocr_line' id='line_1_33' title="bbox 243 3183 1237 3251; baseline 0.002 -18"><span class='ocrx_word' id='word_1_266' title='bbox 243 3202 322 3233; x_wconf 82' lang='lat' dir='ltr'>seu</span> <span class='ocrx_word' id='word_1_267' title='bbox 366 3186 514 3232; x_wconf 88' lang='lat' dir='ltr'>verius</span> <span class='ocrx_word' id='word_1_268' title='bbox 555 3183 794 3232; x_wconf 87' lang='lat' dir='ltr'>difficultas</span> <span class='ocrx_word' id='word_1_269' title='bbox 818 3222 831 3244; x_wconf 96' lang='lat'><strong>‚</strong></span> <span class='ocrx_word' id='word_1_270' title='bbox 875 3185 1026 3250; x_wconf 87' lang='lat' dir='ltr'>plures</span> <span class='ocrx_word' id='word_1_271' title='bbox 1072 3187 1237 3251; x_wconf 81' lang='lat' dir='ltr'>gradus</span> 
     </span>
     <span class='ocr_line' id='line_1_34' title="bbox 240 3264 1235 3335; baseline 0.003 -21"><span class='ocrx_word' id='word_1_272' title='bbox 240 3266 441 3335; x_wconf 82' lang='lat' dir='ltr'>admittit</span> <span class='ocrx_word' id='word_1_273' title='bbox 484 3275 584 3312; x_wconf 89' lang='lat' dir='ltr'>tum</span> <span class='ocrx_word' id='word_1_274' title='bbox 621 3264 829 3314; x_wconf 88' lang='lat' dir='ltr'>absolute</span> <span class='ocrx_word' id='word_1_275' title='bbox 873 3275 975 3314; x_wconf 90' lang='lat' dir='ltr'>tum</span> <span class='ocrx_word' id='word_1_276' title='bbox 1020 3268 1235 3333; x_wconf 81' lang='lat' dir='ltr'>relative3</span> 
     </span>
     <span class='ocr_line' id='line_1_35' title="bbox 239 3346 1237 3415; baseline 0.005 -20"><span class='ocrx_word' id='word_1_277' title='bbox 239 3346 443 3411; x_wconf 76' lang='lat' dir='ltr'>absolute</span> <span class='ocrx_word' id='word_1_278' title='bbox 462 3384 475 3408; x_wconf 87' lang='lat'>7</span> <span class='ocrx_word' id='word_1_279' title='bbox 514 3365 620 3396; x_wconf 92' lang='lat' dir='ltr'>cum</span> <span class='ocrx_word' id='word_1_280' title='bbox 651 3348 750 3395; x_wconf 84' lang='lat' dir='ltr'>haec</span> <span class='ocrx_word' id='word_1_281' title='bbox 779 3351 919 3408; x_wconf 79' lang='lat' dir='ltr'>oritur</span> <span class='ocrx_word' id='word_1_282' title='bbox 948 3368 1002 3398; x_wconf 84' lang='lat' dir='ltr'>ex</span> <span class='ocrx_word' id='word_1_283' title='bbox 1038 3353 1133 3415; x_wconf 88' lang='lat' dir='ltr'>ipsa</span> <span class='ocrx_word' id='word_1_284' title='bbox 1172 3355 1237 3400; x_wconf 91' lang='lat' dir='ltr'>rei</span> 
     </span>
     <span class='ocr_line' id='line_1_36' title="bbox 240 3419 1235 3491; baseline 0.004 -14"><span class='ocrx_word' id='word_1_285' title='bbox 240 3429 462 3477; x_wconf 83' lang='lat' dir='ltr'>arduitate</span> <span class='ocrx_word' id='word_1_286' title='bbox 479 3445 494 3491; x_wconf 85' lang='lat'>3</span> <span class='ocrx_word' id='word_1_287' title='bbox 514 3427 706 3476; x_wconf 76' lang='lat' dir='ltr'>relative</span> <span class='ocrx_word' id='word_1_288' title='bbox 724 3466 736 3488; x_wconf 89' lang='lat'>7</span> <span class='ocrx_word' id='word_1_289' title='bbox 773 3446 878 3477; x_wconf 91' lang='lat' dir='ltr'>cum</span> <span class='ocrx_word' id='word_1_290' title='bbox 893 3448 988 3479; x_wconf 89' lang='lat' dir='ltr'>non</span> <span class='ocrx_word' id='word_1_291' title='bbox 1011 3419 1158 3480; x_wconf 82' lang='lat' dir='ltr'>solum</span> <span class='ocrx_word' id='word_1_292' title='bbox 1182 3450 1235 3481; x_wconf 85' lang='lat' dir='ltr'>ex</span> 
     </span>
     <span class='ocr_line' id='line_1_37' title="bbox 236 3509 1233 3574; baseline 0.006 -18"><span class='ocrx_word' id='word_1_293' title='bbox 236 3509 461 3557; x_wconf 86' lang='lat' dir='ltr'>arduitate</span> <span class='ocrx_word' id='word_1_294' title='bbox 495 3512 642 3574; x_wconf 88' lang='lat' dir='ltr'>operis</span> <span class='ocrx_word' id='word_1_295' title='bbox 675 3510 842 3574; x_wconf 83' lang='lat' dir='ltr'>pendet</span> <span class='ocrx_word' id='word_1_296' title='bbox 861 3547 874 3568; x_wconf 87' lang='lat'>7</span> <span class='ocrx_word' id='word_1_297' title='bbox 910 3529 1068 3560; x_wconf 82' lang='lat' dir='ltr'>verum</span> <span class='ocrx_word' id='word_1_298' title='bbox 1099 3516 1233 3562; x_wconf 87' lang='lat' dir='ltr'>etiam</span> 
     </span>
     <span class='ocr_line' id='line_1_38' title="bbox 235 3592 1229 3657; baseline 0.005 -18"><span class='ocrx_word' id='word_1_299' title='bbox 235 3608 291 3639; x_wconf 85' lang='lat' dir='ltr'>ex</span> <span class='ocrx_word' id='word_1_300' title='bbox 323 3592 496 3639; x_wconf 88' lang='lat' dir='ltr'>ratione</span> <span class='ocrx_word' id='word_1_301' title='bbox 529 3593 775 3656; x_wconf 87' lang='lat' dir='ltr'>temporis,</span> <span class='ocrx_word' id='word_1_302' title='bbox 810 3592 898 3640; x_wconf 90' lang='lat' dir='ltr'>loci</span> <span class='ocrx_word' id='word_1_303' title='bbox 917 3629 929 3651; x_wconf 92' lang='lat'>7</span> <span class='ocrx_word' id='word_1_304' title='bbox 966 3595 1195 3644; x_wconf 89' lang='lat' dir='ltr'>individui</span> <span class='ocrx_word' id='word_1_305' title='bbox 1215 3633 1229 3657; x_wconf 90' lang='lat'>7</span> 
     </span>
     <span class='ocr_line' id='line_1_39' title="bbox 228 3670 1225 3739; baseline 0.006 -20"><span class='ocrx_word' id='word_1_306' title='bbox 228 3670 515 3738; x_wconf 87' lang='lat' dir='ltr'>aliorumque</span> <span class='ocrx_word' id='word_1_307' title='bbox 527 3671 845 3738; x_wconf 86' lang='lat' dir='ltr'>adjunctorum</span> <span class='ocrx_word' id='word_1_308' title='bbox 857 3691 934 3723; x_wconf 85' lang='lat' dir='ltr'>seu</span> <span class='ocrx_word' id='word_1_309' title='bbox 949 3711 963 3736; x_wconf 95' lang='lat'>7</span> <span class='ocrx_word' id='word_1_310' title='bbox 982 3685 1034 3724; x_wconf 91' lang='lat' dir='ltr'>ut</span> <span class='ocrx_word' id='word_1_311' title='bbox 1044 3687 1225 3739; x_wconf 85' lang='lat' dir='ltr'>vocant,</span> 
     </span>
    </p>
   </div>
   <div class='ocr_carea' id='block_1_6' title="bbox 1313 2448 2350 3647">
    <p class='ocr_par' dir='ltr' id='par_1_6' title="bbox 1325 2448 2334 2762">
     <span class='ocr_line' id='line_1_40' title="bbox 1325 2448 2334 2517; baseline 0.001 -20"><span class='ocrx_word' id='word_1_312' title='bbox 1325 2448 1419 2516; x_wconf 87' lang='lat' dir='ltr'>jam</span> <span class='ocrx_word' id='word_1_313' title='bbox 1450 2468 1527 2515; x_wconf 89' lang='lat' dir='ltr'>per</span> <span class='ocrx_word' id='word_1_314' title='bbox 1553 2469 1600 2499; x_wconf 88' lang='lat' dir='ltr'>se</span> <span class='ocrx_word' id='word_1_315' title='bbox 1629 2452 1827 2500; x_wconf 89' lang='lat' dir='ltr'>arduum</span> <span class='ocrx_word' id='word_1_316' title='bbox 1850 2455 2145 2501; x_wconf 87' lang='lat' dir='ltr'>comitantur.</span> <span class='ocrx_word' id='word_1_317' title='bbox 2174 2450 2334 2517; x_wconf 83' lang='lat' dir='ltr'>Quan-</span> 
     </span>
     <span class='ocr_line' id='line_1_41' title="bbox 1326 2531 2334 2599; baseline 0.001 -20"><span class='ocrx_word' id='word_1_318' title='bbox 1326 2531 1479 2598; x_wconf 90' lang='lat' dir='ltr'>doque</span> <span class='ocrx_word' id='word_1_319' title='bbox 1521 2551 1625 2581; x_wconf 87' lang='lat' dir='ltr'>vero</span> <span class='ocrx_word' id='word_1_320' title='bbox 1664 2550 1721 2582; x_wconf 91' lang='lat' dir='ltr'>eo</span> <span class='ocrx_word' id='word_1_321' title='bbox 1766 2537 1971 2599; x_wconf 87' lang='lat' dir='ltr'>pervenit</span> <span class='ocrx_word' id='word_1_322' title='bbox 2010 2535 2114 2582; x_wconf 83' lang='lat' dir='ltr'>talis</span> <span class='ocrx_word' id='word_1_323' title='bbox 2152 2533 2334 2581; x_wconf 89' lang='lat' dir='ltr'>moralis</span> 
     </span>
     <span class='ocr_line' id='line_1_42' title="bbox 1326 2615 2331 2681; baseline 0.002 -21"><span class='ocrx_word' id='word_1_324' title='bbox 1326 2615 1596 2678; x_wconf 89' lang='lat' dir='ltr'>impotentia</span> <span class='ocrx_word' id='word_1_325' title='bbox 1637 2626 1716 2662; x_wconf 85' lang='lat' dir='ltr'>aut</span> <span class='ocrx_word' id='word_1_326' title='bbox 1745 2615 1989 2663; x_wconf 85' lang='lat' dir='ltr'>difficultas</span> <span class='ocrx_word' id='word_1_327' title='bbox 2007 2651 2020 2675; x_wconf 97' lang='lat'>7</span> <span class='ocrx_word' id='word_1_328' title='bbox 2055 2626 2105 2665; x_wconf 88' lang='lat' dir='ltr'>ut</span> <span class='ocrx_word' id='word_1_329' title='bbox 2135 2615 2331 2681; x_wconf 64' lang='lat' dir='ltr'>physicae</span> 
     </span>
     <span class='ocr_line' id='line_1_43' title="bbox 1325 2694 2326 2762; baseline 0.003 -21"><span class='ocrx_word' id='word_1_330' title='bbox 1325 2711 1403 2742; x_wconf 80' lang='lat' dir='ltr'>seu</span> <span class='ocrx_word' id='word_1_331' title='bbox 1423 2694 1640 2743; x_wconf 68' lang='lat' dir='ltr'>absolutae</span> <span class='ocrx_word' id='word_1_332' title='bbox 1658 2697 1926 2762; x_wconf 85' lang='lat' dir='ltr'>aequivaleat</span> <span class='ocrx_word' id='word_1_333' title='bbox 1942 2713 1956 2760; x_wconf 90' lang='lat'>;</span> <span class='ocrx_word' id='word_1_334' title='bbox 1975 2695 2238 2762; x_wconf 85' lang='lat' dir='ltr'>cujusmodi</span> <span class='ocrx_word' id='word_1_335' title='bbox 2254 2714 2326 2744; x_wconf 87' lang='lat' dir='ltr'>ex.</span> 
     </span>
    </p>

    <p class='ocr_par' dir='ltr' id='par_1_7' title="bbox 1323 2778 2329 2839">
     <span class='ocr_line' id='line_1_44' title="bbox 1323 2778 2329 2839; baseline 0.005 -16"><span class='ocrx_word' id='word_1_336' title='bbox 1323 2793 1389 2839; x_wconf 88' lang='lat' dir='ltr'>gr.</span> <span class='ocrx_word' id='word_1_337' title='bbox 1429 2787 1545 2825; x_wconf 89' lang='lat' dir='ltr'>esset</span> <span class='ocrx_word' id='word_1_338' title='bbox 1587 2778 1765 2826; x_wconf 88' lang='lat' dir='ltr'>homini</span> <span class='ocrx_word' id='word_1_339' title='bbox 1794 2795 1914 2827; x_wconf 84' lang='lat' dir='ltr'>sanae</span> <span class='ocrx_word' id='word_1_340' title='bbox 1947 2780 2115 2827; x_wconf 86' lang='lat' dir='ltr'>mentis</span> <span class='ocrx_word' id='word_1_341' title='bbox 2146 2779 2329 2828; x_wconf 88' lang='lat' dir='ltr'>nudum</span> 
     </span>
    </p>

    <p class='ocr_par' dir='ltr' id='par_1_8' title="bbox 1321 2860 2350 3007">
     <span class='ocr_line' id='line_1_45' title="bbox 1321 2860 2350 2932; baseline 0.006 -28"><span class='ocrx_word' id='word_1_342' title='bbox 1321 2873 1403 2920; x_wconf 90' lang='lat' dir='ltr'>per</span> <span class='ocrx_word' id='word_1_343' title='bbox 1427 2860 1518 2907; x_wconf 86' lang='lat' dir='ltr'>vias</span> <span class='ocrx_word' id='word_1_344' title='bbox 1551 2860 1793 2919; x_wconf 86' lang='lat' dir='ltr'>incedere,</span> <span class='ocrx_word' id='word_1_345' title='bbox 1835 2878 1882 2909; x_wconf 90' lang='lat' dir='ltr'>se</span> <span class='ocrx_word' id='word_1_346' title='bbox 1920 2878 1974 2910; x_wconf 90' lang='lat' dir='ltr'>ex</span> <span class='ocrx_word' id='word_1_347' title='bbox 2014 2861 2102 2909; x_wconf 84' lang='lat' dir='ltr'>alta</span> <span class='ocrx_word' id='word_1_348' title='bbox 2133 2863 2246 2909; x_wconf 86' lang='lat' dir='ltr'>turri</span> <span class='ocrx_word' id='word_1_349' title='bbox 2277 2863 2350 2932; x_wconf 36' lang='lat' dir='ltr'>in.</span> 
     </span>
     <span class='ocr_line' id='line_1_46' title="bbox 1321 2941 2326 3007; baseline 0.006 -23"><span class='ocrx_word' id='word_1_350' title='bbox 1321 2947 1484 2986; x_wconf 88' lang='lat' dir='ltr'>terram</span> <span class='ocrx_word' id='word_1_351' title='bbox 1502 2941 1720 3007; x_wconf 87' lang='lat' dir='ltr'>dejicere,</span> <span class='ocrx_word' id='word_1_352' title='bbox 1744 2952 1833 2990; x_wconf 86' lang='lat' dir='ltr'>etc.</span> <span class='ocrx_word' id='word_1_353' title='bbox 1862 2941 1970 2990; x_wconf 79' lang='lat' dir='ltr'>Haec</span> <span class='ocrx_word' id='word_1_354' title='bbox 1996 2954 2151 2992; x_wconf 89' lang='lat' dir='ltr'>autem</span> <span class='ocrx_word' id='word_1_355' title='bbox 2169 2942 2326 2991; x_wconf 84' lang='lat' dir='ltr'>sedulo</span> 
     </span>
    </p>

    <p class='ocr_par' dir='ltr' id='par_1_9' title="bbox 1321 3022 2330 3171">
     <span class='ocr_line' id='line_1_47' title="bbox 1322 3022 2330 3090; baseline 0.007 -24"><span class='ocrx_word' id='word_1_356' title='bbox 1322 3022 1726 3072; x_wconf 87' lang='lat' dir='ltr'>animadvertenda</span> <span class='ocrx_word' id='word_1_357' title='bbox 1759 3034 1887 3072; x_wconf 87' lang='lat' dir='ltr'>erant</span> <span class='ocrx_word' id='word_1_358' title='bbox 1905 3061 1918 3084; x_wconf 90' lang='lat'>7</span> <span class='ocrx_word' id='word_1_359' title='bbox 1962 3027 2070 3090; x_wconf 91' lang='lat' dir='ltr'>quia</span> <span class='ocrx_word' id='word_1_360' title='bbox 2109 3024 2330 3073; x_wconf 90' lang='lat' dir='ltr'>nonnulli</span> 
     </span>
     <span class='ocr_line' id='line_1_48' title="bbox 1321 3107 2328 3171; baseline 0.005 -19"><span class='ocrx_word' id='word_1_361' title='bbox 1321 3107 1619 3153; x_wconf 88' lang='lat' dir='ltr'>inveniuntur</span> <span class='ocrx_word' id='word_1_362' title='bbox 1634 3107 1867 3171; x_wconf 87' lang='lat' dir='ltr'>scriptores</span> <span class='ocrx_word' id='word_1_363' title='bbox 1892 3108 2136 3171; x_wconf 87' lang='lat' dir='ltr'>praesertim</span> <span class='ocrx_word' id='word_1_364' title='bbox 2153 3125 2207 3156; x_wconf 88' lang='lat' dir='ltr'>ex</span> <span class='ocrx_word' id='word_1_365' title='bbox 2228 3108 2328 3157; x_wconf 89' lang='lat' dir='ltr'>fac-</span> 
     </span>
    </p>

    <p class='ocr_par' dir='ltr' id='par_1_10' title="bbox 1323 3186 2322 3253">
     <span class='ocr_line' id='line_1_49' title="bbox 1323 3186 2322 3253; baseline 0.005 -20"><span class='ocrx_word' id='word_1_366' title='bbox 1323 3188 1447 3234; x_wconf 86' lang='lat' dir='ltr'>tione</span> <span class='ocrx_word' id='word_1_367' title='bbox 1462 3186 1489 3234; x_wconf 89' lang='lat' dir='ltr'><strong>J</strong></span> <span class='ocrx_word' id='word_1_368' title='bbox 1493 3189 1740 3235; x_wconf 83' lang='lat' dir='ltr'>anseniana</span> <span class='ocrx_word' id='word_1_369' title='bbox 1754 3224 1767 3246; x_wconf 93' lang='lat'>7</span> <span class='ocrx_word' id='word_1_370' title='bbox 1788 3189 1868 3253; x_wconf 88' lang='lat' dir='ltr'>qui</span> <span class='ocrx_word' id='word_1_371' title='bbox 1883 3223 1895 3247; x_wconf 93' lang='lat'>7</span> <span class='ocrx_word' id='word_1_372' title='bbox 1914 3188 1972 3235; x_wconf 87' lang='lat' dir='ltr'>ad</span> <span class='ocrx_word' id='word_1_373' title='bbox 1993 3189 2214 3236; x_wconf 87' lang='lat' dir='ltr'>invidiam</span> <span class='ocrx_word' id='word_1_374' title='bbox 2231 3189 2322 3238; x_wconf 70' lang='lat' dir='ltr'>‘de-</span> 
     </span>
    </p>

    <p class='ocr_par' dir='ltr' id='par_1_11' title="bbox 1325 3268 2326 3335">
     <span class='ocr_line' id='line_1_50' title="bbox 1325 3268 2326 3335; baseline 0.003 -20"><span class='ocrx_word' id='word_1_375' title='bbox 1325 3269 1587 3316; x_wconf 89' lang='lat' dir='ltr'>clinandam</span> <span class='ocrx_word' id='word_1_376' title='bbox 1601 3303 1616 3328; x_wconf 93' lang='lat'><strong><em>,</em></strong></span> <span class='ocrx_word' id='word_1_377' title='bbox 1637 3268 1914 3334; x_wconf 86' lang='lat' dir='ltr'>quandoque</span> <span class='ocrx_word' id='word_1_378' title='bbox 1931 3269 2148 3318; x_wconf 86' lang='lat' dir='ltr'>moralem</span> <span class='ocrx_word' id='word_1_379' title='bbox 2172 3271 2326 3335; x_wconf 74' lang='lat' dir='ltr'>impo-</span> 
     </span>
    </p>

    <p class='ocr_par' dir='ltr' id='par_1_12' title="bbox 1325 3350 2325 3410">
     <span class='ocr_line' id='line_1_51' title="bbox 1325 3350 2325 3410; baseline 0.001 -12"><span class='ocrx_word' id='word_1_380' title='bbox 1325 3352 1511 3398; x_wconf 87' lang='lat' dir='ltr'>tentiam</span> <span class='ocrx_word' id='word_1_381' title='bbox 1527 3353 1771 3398; x_wconf 83' lang='lat' dir='ltr'>nominant</span> <span class='ocrx_word' id='word_1_382' title='bbox 1784 3387 1796 3410; x_wconf 93' lang='lat'>7</span> <span class='ocrx_word' id='word_1_383' title='bbox 1815 3360 1861 3398; x_wconf 90' lang='lat' dir='ltr'>at</span> <span class='ocrx_word' id='word_1_384' title='bbox 1883 3350 1970 3398; x_wconf 89' lang='lat' dir='ltr'>sub</span> <span class='ocrx_word' id='word_1_385' title='bbox 1988 3351 2076 3399; x_wconf 90' lang='lat' dir='ltr'>hoc</span> <span class='ocrx_word' id='word_1_386' title='bbox 2099 3350 2325 3400; x_wconf 86' lang='lat' dir='ltr'>vocabulo</span> 
     </span>
    </p>

    <p class='ocr_par' dir='ltr' id='par_1_13' title="bbox 1325 3431 2322 3500">
     <span class='ocr_line' id='line_1_52' title="bbox 1325 3431 2322 3500; baseline -0.001 -20"><span class='ocrx_word' id='word_1_387' title='bbox 1325 3431 1546 3480; x_wconf 87' lang='lat' dir='ltr'>moralem</span> <span class='ocrx_word' id='word_1_388' title='bbox 1561 3449 1790 3479; x_wconf 86' lang='lat' dir='ltr'>summam</span> <span class='ocrx_word' id='word_1_389' title='bbox 1809 3469 1822 3491; x_wconf 96' lang='lat'>,</span> <span class='ocrx_word' id='word_1_390' title='bbox 1846 3448 1947 3498; x_wconf 83' lang='lat' dir='ltr'>quae</span> <span class='ocrx_word' id='word_1_391' title='bbox 1965 3432 2165 3500; x_wconf 78' lang='lat' dir='ltr'>physicae</span> <span class='ocrx_word' id='word_1_392' title='bbox 2177 3443 2219 3481; x_wconf 87' lang='lat' dir='ltr'>et</span> <span class='ocrx_word' id='word_1_393' title='bbox 2238 3432 2322 3480; x_wconf 88' lang='lat' dir='ltr'>ab-</span> 
     </span>
    </p>

    <p class='ocr_par' dir='ltr' id='par_1_14' title="bbox 1315 3511 2323 3579">
     <span class='ocr_line' id='line_1_53' title="bbox 1315 3511 2323 3579; baseline 0 -19"><span class='ocrx_word' id='word_1_394' title='bbox 1315 3513 1474 3561; x_wconf 80' lang='lat' dir='ltr'>solutae</span> <span class='ocrx_word' id='word_1_395' title='bbox 1495 3513 1781 3579; x_wconf 75' lang='lat' dir='ltr'>aequipolleat</span> <span class='ocrx_word' id='word_1_396' title='bbox 1797 3551 1810 3574; x_wconf 89' lang='lat'>7</span> <span class='ocrx_word' id='word_1_397' title='bbox 1844 3514 2105 3579; x_wconf 84' lang='lat' dir='ltr'>significant</span> <span class='ocrx_word' id='word_1_398' title='bbox 2120 3549 2134 3575; x_wconf 92' lang='lat'>7</span> <span class='ocrx_word' id='word_1_399' title='bbox 2162 3523 2207 3562; x_wconf 89' lang='lat' dir='ltr'>et</span> <span class='ocrx_word' id='word_1_400' title='bbox 2229 3511 2323 3561; x_wconf 92' lang='lat' dir='ltr'>hac</span> 
     </span>
    </p>

    <p class='ocr_par' dir='ltr' id='par_1_15' title="bbox 1313 3596 2111 3647">
     <span class='ocr_line' id='line_1_54' title="bbox 1313 3596 2111 3647; baseline 0.001 -4"><span class='ocrx_word' id='word_1_401' title='bbox 1313 3597 1486 3644; x_wconf 85' lang='lat' dir='ltr'>ratione</span> <span class='ocrx_word' id='word_1_402' title='bbox 1515 3596 1675 3645; x_wconf 82' lang='lat' dir='ltr'>fucum</span> <span class='ocrx_word' id='word_1_403' title='bbox 1698 3599 1892 3647; x_wconf 88' lang='lat' dir='ltr'>incautis</span> <span class='ocrx_word' id='word_1_404' title='bbox 1919 3599 2111 3646; x_wconf 86' lang='lat' dir='ltr'>faciunt.</span> 
     </span>
    </p>
   </div>
  </div>
 </body>
</html>
