2430 4056
238 219 354 280 162
974 223 1162 261 rnAcr.
1207 219 1275 256 m:
1317 215 1543 256 enum.

236 403 308 442 ca·
329 400 386 440 se
410 382 534 456 ipso
554 373 632 432 ab
658 366 1134 444 concupiscentiae
1148 363 1372 436 impetu
1386 357 1751 415 resistebat...
1770 352 1957 413 Nunc
1973 371 2102 410 vero
2121 396 2137 425 ‚
2150 371 2291 428 pos-

236 486 328 532 tea
362 489 532 550 quam
573 474 653 522 esc
679 462 785 518 illa
808 478 1029 535 maqna
1047 455 1280 533 peccati
1315 453 1522 508 merito
1559 442 1781 508 amissa
1818 441 2088 518 libertas,
2118 449 2297 502 etiam

237 562 561 642 majoribus
584 556 752 614 donis
791 549 1141 627 adjuvanda
1178 539 1888 620 remansitinfirmitas..
1928 540 2294 597 Subventum

235 669 318 717 esc
334 659 524 733 iqitur
552 649 902 725 infirmitati
920 643 1236 699 voluntatis
1268 637 1578 703 humanm,
1608 646 1679 693 ut
1698 656 1836 694 cum
1865 635 2074 692 divina
2099 635 2298 710 qratia

236 744 742 807 indeclinabiliter
784 749 837 796 et
874 733 1360 812 insuperabiliter
1404 723 1678 812 aycretur
1710 730 1817 809 (l).
1850 730 2013 807 Ergo,

319 839 457 898 347.
502 839 672 914 Resp.
713 833 859 910 Ney.
888 839 1073 887 antec.
1105 824 1344 883 Theol·ia
1384 823 1541 881 enim
1564 823 1621 879 S.
1655 821 1954 904 Augustini
1978 831 2063 879 est
2082 864 2097 894 .,
2123 817 2299 898 gratia

238 930 563 993 medicinali
589 924 893 986 Salvatoris
917 921 1212 980 hominem
1246 918 1472 998 lapsum
1508 926 1565 974 et
1586 915 1882 972 infirmum
1914 916 2084 972 fuisse
2117 935 2300 971 sana-

235 1039 364 1086 tum
381 1025 469 1104 (2)
497 1069 512 1096 a
551 1024 884 1079 restitutum
906 1018 988 1073 ad
1006 1017 1334 1094 pristinum
1362 1021 1582 1068 statum
1602 1052 1616 1080 a
1645 1029 1714 1065 ex
1735 1029 1848 1088 quo
1869 1003 2260 1083 ceciderat'(3)
2279 1049 2300 1076 ,

235 1126 639 1178 instauratam
662 1116 984 1190 imayinem
1009 1110 1144 1179 Dei,
1177 1108 1235 1163 in
1264 1127 1373 1185 qua
1406 1102 1619 1162 conditi
1647 1121 1872 1159 eramus
1893 1099 1980 1180 (4)
1999 1144 2013 1171 a
2043 1110 2106 1157 ut
2134 1100 2299 1158 toties

234 1211 502 1270 inculcat.
538 1210 571 1265 J
575 1228 667 1264 am
680 1225 814 1263 vero
830 1247 845 1276 ,
869 1201 1200 1259 adversariis
1228 1197 1555 1271 fatentibuQ
1580 1198 1799 1276 primus
1821 1194 1996 1252 homo
2011 1215 2108 1252 seu
2124 1193 2299 1252 homo

236 1305 510 1361 innocens
563 1297 833 1379 praeditus
875 1306 996 1353 erat
1037 1293 1301 1351 libertate
1335 1290 1733 1349 indifferentiae
1759 1333 1774 1362 .,
1816 1288 2007 1367 gratiis
2048 1286 2302 1370 pollebat

233 1392 688 1454 indifferentibus
717 1416 731 1462 ς
771 1411 901 1466 ergo
939 1410 1008 1446 ex
1042 1390 1099 1445 S.
1146 1388 1441 1465 Augustini
1494 1385 1750 1443 doctrina
1779 1383 1954 1441 homo
1990 1383 2180 1465 lapsus
2205 1405 2300 1443 ea·-

222 1486 671 1547 demlibertate
713 1481 1115 1540 indifferentiae
1152 1481 1466 1560 iisdemque
1491 1479 1682 1558 gratiis
1725 1478 2038 1535 instructus
2081 1477 2153 1535 sit
2194 1499 2299 1536 ne-

231 1602 385 1640 cesse
428 1589 533 1637 est.

315 1672 449 1730 348.
495 1673 638 1728 Cum
668 1680 863 1725 tamen
899 1666 1070 1723 homo
1105 1660 1379 1724 innocens
1421 1668 1482 1724 in
1525 1666 1783 1724 absoluta
1823 1678 2041 1725 naturae
2075 1665 2302 1743 integri-

233 1777 352 1823 tate
382 1764 647 1822 existeret
680 1805 693 1832 ,Ι
725 1780 788 1817 ac
819 1759 989 1839 plena
1021 1771 1323 1838 propterea
1363 1759 1629 1840 libertate
1657 1762 1942 1819 frueretur
1980 1761 2053 1819 ad
2084 1760 2301 1819 bonum

233 1856 515 1935 agendum
544 1898 559 1928 ,
601 1874 662 1910 ac
690 1851 1176 1932 perseverandum
1213 1853 1273 1909 in
1307 1874 1372 1910 eo
1417 1866 1569 1911 statu
1593 1899 1608 1928 .,
1650 1858 1711 1911 in
1747 1875 1859 1934 quo
1890 1855 2232 1912 constitutus
2269 1875 2303 1911 a

229 1953 350 2009 Deo
386 1949 567 2006 fuerat
595 1972 610 2019 ς
647 1947 775 2004 ideo
811 1947 920 2026 ipsi
947 1967 1088 2024 opus
1112 1967 1231 2002 non
1265 1957 1387 2004 erat
1422 1947 1495 2003 ad
1518 1958 1673 2005 actus
1696 1948 1969 2005 salutares
1992 1947 2297 2006 eliciendos

231 2044 341 2101 nisi
377 2043 548 2121 gratia
589 2040 986 2098 illustrationis
1013 2084 1028 2111 ‚
1066 2061 1176 2119 qua
1218 2039 1290 2097 ad
1337 2040 1440 2098 hos
1487 2052 1642 2099 actus
1676 2042 2039 2100 excitaretur.
2087 2043 2299 2099 Contra

233 2158 369 2196 vero
411 2137 580 2193 homo
622 2135 852 2215 lapsuS,
898 2133 970 2192 ob
1015 2135 1280 2191 amissam
1322 2156 1428 2215 per
1467 2148 1765 2215 peccatum
1806 2136 1964 2194 illam
2006 2136 2300 2215 integrita-

241 2243 362 2289 tem
394 2251 456 2287 ac
487 2240 703 2294 naturae
730 2229 984 2306 vigorem
1027 2229 1287 2286 infirmus
1325 2229 1556 2286 effectus
1593 2242 1711 2305 est,
1742 2241 1800 2288 et
1835 2226 2099 2307 gravibus
2134 2249 2302 2308 urge—

229 2335 330 2382 tur
375 2322 742 2381 interioribus
770 2343 833 2379 ac
862 2321 1234 2380 exterioribus
1271 2323 1717 2399 tentationibu8‚
1748 2345 1875 2404 quae
1903 2324 2150 2382 maxime
2193 2322 2301 2381 sibi

231 2428 375 2474 sunt
420 2415 834 2496 impedimento
893 2414 966 2472 ad
1012 2413 1231 2472 bonum
1277 2417 1566 2493 cognitum
1617 2417 1930 2476 volendum
1977 2427 2035 2475 et
2080 2416 2303 2497 ample-

232 2509 535 2581 ctendum3
569 2510 683 2567 sola
709 2509 950 2589 proinde
974 2509 1146 2586 gratia
1172 2509 1565 2570 illustrationis
1595 2535 1713 2571 non
1736 2523 2098 2593 recuperaret
2124 2514 2301 2571 amis-

230 2623 355 2659 sam
395 2601 553 2659 illam
583 2602 861 2659 libertatis
891 2602 1310 2681 plenitudinem
1339 2650 1354 2677 ,
1387 2627 1560 2685 quam
1600 2606 1801 2665 habuit
1849 2606 2022 2663 homo
2045 2607 2299 2685 integer.

234 2693 322 2752 Ad
363 2693 510 2751 hanc
566 2694 736 2771 igitur
785 2695 1173 2772 integritatem
1209 2700 1696 2778 recuperandam,
1744 2700 2197 2775 restituendam,
2240 2722 2304 2760 ae

224 2785 663 2844 restaurandam
684 2831 699 2860 ,
734 2807 829 2844 seu
868 2787 940 2844 ad
973 2787 1398 2868 adipiscendam
1418 2792 1578 2852 illam
1603 2795 2024 2876 plenitudinem
2062 2793 2299 2854 liberta-

232 2880 300 2938 tis
338 2881 647 2938 necessaria
685 2891 958 2960 praeterea
995 2881 1180 2939 eidem
1209 2896 1295 2941 est
1318 2887 1493 2963 gratia
1517 2889 1906 2968 inspirationis
1940 2910 2039 2948 seu
2067 2889 2296 2947 fortitu-

228 2972 382 3030 dinis
403 3018 418 3046 .‚
456 2973 666 3052 'vigoris
699 2994 761 3031 ac
805 2973 1053 3047 roboriS,
1096 2996 1206 3054 qua
1236 2981 1413 3058 possit
1458 2984 1650 3041 omnia
1685 2986 1915 3042 interna
1958 3004 2022 3042 ao
2062 2994 2298 3043 externa

232 3065 644 3146 impedimenta
673 3068 900 3127 vincere
928 3088 991 3126 ac
1020 3089 1303 3149 superare.
1335 3074 1495 3134 Hanc
1525 3098 1695 3157 porro
1723 3077 1943 3136 homini
1961 3077 2135 3158 >lapso
2158 3098 2292 3159 pro-

315 3250 380 3314 (Ῑ)
414 3249 524 3314 Gap·
561 3267 617 3299 ¹2
639 3289 651 3311 ν
682 3271 734 3302 ¹1·
762 3253 826 3317 34
845 3293 857 3315 2
879 3257 939 3322 37
963 3266 1006 3304 θῑ
1034 3253 1117 3305 38·
1145 3255 1232 3306 Hic
1381 3267 1445 3329 (8)
1474 3267 1675 3315 Retract.
1706 3268 1790 3316 lib.
1824 3286 1871 3329 ι,
1902 3286 1999 3333 cap.
2035 3283 2068 3335 9
2088 3305 2102 3329 ‚
2130 3286 2182 3317 n.
2214 3283 2262 3316 2.

235 3333 352 3378 mire
381 3331 586 3378 exultant
616 3331 840 3384 Calvinus
860 3372 873 3396 ,
897 3336 1137 3386 Jansenius
1150 3354 1225 3386 eo-
1376 3348 1435 3412 (14)
1471 3347 1576 3396 Lib.
1609 3345 1680 3395 De
1710 3350 1828 3414 spir.
1853 3357 1895 3398 et
1922 3349 2012 3405 litt.
2053 3366 2155 3415 cap·
2193 3364 2254 3416 27
2281 3383 2295 3410 ‚

228 3427 434 3476 ‘sumque
456 3411 652 3462 assesslae·
1232 3472 1234 3475 .
1302 3445 1355 3478 n.
1385 3426 1468 3495 47.
1489 3427 1589 3477 Alia
1611 3429 1713 3478 vide
1741 3431 1863 3496 apud
1892 3431 2087 3482 Triones.
2109 3448 2186 3497 op.
2218 3430 2298 3478 eit.

290 3491 350 3554 (2)
366 3490 444 3538 De
462 3492 552 3538 cic.
567 3490 685 3552 Dei,
696 3493 780 3542 lib.
798 3509 888 3555 nv,
906 3512 1003 3561 cap.
1019 3512 1071 3557 n,
1087 3515 1136 3545 n.
1156 3513 1184 3544 α
1204 3515 1218 3546 :
1312 3519 1427 3574 part,
1458 3508 1521 3558 Π,
1550 3519 1658 3559 5001,
1676 3525 1770 3558 χχχ,

232 3569 318 3619 Ea
332 3607 346 3631 ,
367 3573 544 3637 inquit,
572 3589 675 3637 quoe
699 3576 865 3622 vitiata
891 3593 948 3625 ac
977 3576 1229 3643 depravata

221 3652 394 3716 suerat
409 3652 623 3719 (natura),
652 3663 818 3704 sanata
844 3665 980 3720 atquc
1000 3665 1221 3707 correcta.

2428 3340 2430 3350 -
2418 2931 2430 3316 -εἋ-,Μιὲ-Μωυ-.-.ς
2428 2911 2430 2918 .
2428 2878 2430 2882 .
2426 2839 2430 2854 Α-
2422 2779 2430 2803 ,Α
2427 2756 2430 2762 ,
2425 2698 2430 2712 „A
2428 2676 2430 2678 .
