2430 4056
135 223 138 225 ⁵
218 240 331 300 172
971 252 1163 290 macr.
1209 250 1279 290 ne
1319 249 1543 291 curu.

216 408 537 457 nostrarum
577 393 928 473 (l).1taque
967 387 1306 450 Jansenistae
1356 371 1718 448 contendunt
1739 433 1754 463 .,
1798 386 1893 450 vel
1933 387 2070 469 ipsis
2101 389 2269 466 justis

216 487 535 551 volentibus
558 505 621 542 ac
659 482 995 543 conantibus
1030 479 1322 541 interdurn
1355 478 1552 540 deesse
1586 482 1699 543 Dei⁴
1715 481 1955 561 gratiam
1974 526 1991 556 7
2017 501 2129 562 qua
2162 502 2269 542 va-

217 582 372 642 leant:
403 578 503 637 Dei
528 587 806 658 praecepta
831 574 1177 656 adimplere3
1215 571 1400 631 multo
1429 574 1604 652 magis
1638 573 1699 633 id
1719 574 2010 634 affirmant:
2038 573 2110 633 de
2132 594 2268 655 pec-

216 670 492 734 catoribus
532 668 792 728 fidelibus
820 713 836 741 .,
882 666 1199 749 praesertim
1230 687 1367 725 vero
1414 666 1490 724 de
1526 667 1715 747 impiis
1768 668 1879 727 illis
1902 712 1918 743 ‚
1964 669 2061 749 qui
2100 667 2270 747 vulgo

211 769 482 827 obcoecati
510 774 567 822 et
600 765 883 821 indurati
914 762 1192 835 audiunt,
1232 781 1295 819 ac
1325 761 1398 819 de
1419 760 2075 822 infidelibus.·Nonnulli
2093 761 2272 821 Theo-

208 861 318 938 logi
352 879 480 917 cum
514 859 580 915 iis
616 857 979 916 consentiunt
1019 856 1160 924 circa
1199 866 1523 936 peccatores
1562 853 1870 915 obduratos
1914 868 1973 916 et
2013 856 2273 915 obcoeca-

209 965 295 1011 tos
321 997 337 1025 .,
369 952 613 1010 maxime
641 972 771 1010 vero
795 948 978 1030 quoad
999 948 1288 1020 infideles.;
1318 948 1423 1007 etsi
1447 969 1577 1007 cum
1609 950 1806 1007 ceteris
1841 962 2119 1023 teneant,
2152 972 2272 1008 non

211 1047 403 1124 negari
433 1067 463 1102 a
490 1048 605 1102 Deo
624 1045 824 1122 gratias
840 1042 1226 1124 peccatoribus
1251 1041 1670 1100 communibus,
1695 1043 1808 1100 Nos
1836 1043 2007 1121 igitur
2028 1042 2274 1102 totidem

209 1137 686 1221 propositionibus
723 1137 982 1219 primode
1012 1138 1180 1214 justis
1203 1178 1218 1209 7
1257 1135 1465 1195 deinde
1515 1134 1586 1194 de
1619 1134 2009 1215 peccatoribus
2032 1180 2048 1208 .,
2077 1147 2274 1216 postea

210 1234 281 1292 de
305 1232 600 1291 obcoecatis
628 1242 684 1289 et
715 1230 1004 1289 obduratis
1025 1275 1040 1305 .,
1074 1230 1322 1312 denique
1349 1230 1420 1289 de
1443 1229 1769 1288 infidelibus
1802 1228 2268 1311 disceptabimus.

288 1326 421 1383 372.
470 1326 870 1384 Praemittimus
899 1346 1031 1383 vero
1053 1368 1067 1398 ,
1099 1326 1160 1382 1ο
1183 1324 1274 1383 hic
1301 1347 1418 1383 non
1439 1326 1528 1406 agi
1548 1323 1624 1383 de
1651 1323 2054 1383 distributione
2079 1325 2274 1404 gratiae

208 1419 440 1478 efficacis
461 1463 476 1492 ,
510 1440 638 1477 cum
671 1438 840 1477 nemo
867 1420 938 1476 sit
960 1464 974 1493 7
1010 1419 1108 1499 qui
1146 1418 1458 1477 contendat
1495 1419 1642 1477 hanc
1679 1417 1945 1476 omnibus
1983 1417 2144 1492 dari,
2171 1417 2273 1478 sed

208 1512 391 1571 solum
430 1512 499 1570 de
535 1512 931 1570 distributione
976 1514 1163 1590 gratiae
1197 1513 1457 1594 proxime
1496 1524 1595 1571 aut
1642 1523 1860 1572 remote
1903 1512 2269 1587 sufficienti8‚

202 1611 362 1683 juxta
398 1607 690 1664 notionem
741 1629 914 1687 quam
965 1606 1035 1665 de
1069 1628 1132 1665 ea
1188 1600 1539 1687 praebuimus‘
1568 1652 1583 1680 .,
1626 1627 1750 1688 quae
1793 1626 2270 1687 nempevcram,

215 1701 556 1781 completam
588 1723 650 1760 ac
680 1701 855 1760 relate
893 1701 965 1759 ad
994 1713 1306 1782 praesentes
1348 1701 1589 1780 subJecti
1631 1702 2081 1761 circumstantias
2124 1701 2275 1761 bene

211 1795 478 1874 operandi
496 1795 820 1854 facultatem
853 1796 1102 1869 tribuat3
1129 1799 1197 1855 20
1223 1818 1342 1855 non
1371 1798 1458 1876 agi
1486 1797 1558 1856 de
1593 1797 1708 1856 sola
1736 1798 1929 1877 gratiae
1953 1787 2270 1870 oblatione,

210 1897 274 1944 ut
315 1888 807 1947 nonnulli-minus
850 1902 1106 1950 accurate
1155 1890 1470 1972 loquuntur
1521 1903 1622 1950 aut
1665 1892 1838 1950 etiam
1884 1890 2120 1950 subdole
2149 1935 2164 1964 .,
2210 1900 2277 1949 ut:

213 1981 401 2039 fucum
439 1980 646 2041 faciant
666 1984 942 2064 imperitis
965 2030 981 2057 ,
1021 1984 1120 2044 sed
1148 1984 1219 2043 de
1246 1985 1384 2043 reali
1413 1985 1603 2065 gratiae
1637 1987 1956 2044 collatione.
1987 1984 2089 2043 llle
2121 1984 2277 2044 enim

213 2076 305 2154 qui
335 2078 598 2135 esurienti
616 2098 823 2157 panem
845 2078 1103 2154 offerret,
1124 2100 1296 2160 quem
1312 2091 1509 2138 tamen
1532 2080 1653 2161 ipse
1678 2080 1954 2159 attingere
1983 2079 2272 2159 nequiret,

215 2168 266 2226 ei
290 2168 552 2229 illuderet
571 2216 586 2246 .,
613 2173 689 2230 ita
725 2172 882 2232 enim
912 2174 1163 2232 esuriens
1198 2174 1348 2233 fame
1381 2174 1663 2235 interiret.
1697 2175 1785 2233 Sic
1817 2173 1990 2232 etiam
2015 2175 2166 2232 Deus
2187 2216 2204 2247 7
2230 2171 2277 2230 si

293 2359 354 2421 (l)
390 2359 456 2407 lta
488 2363 653 2424 passim
693 2362 738 2410 S.
774 2362 1053 2426 Augustinus
1076 2399 1090 2422 ‚
1125 2366 1204 2429 qui
1286 2380 1505 2412 nummos
1524 2380 1632 2412 suos
1656 2365 1995 2429 quoerit(bona
2026 2381 2160 2429 opera
2192 2378 2278 2412 no-

221 2438 367 2486 Deum
406 2452 534 2489 vocat
574 2459 768 2490 avarum
822 2444 992 2492 salutis
1041 2454 1208 2492 nostroe
1289 2456 1378 2494 stra
1400 2447 1415 2509 )
1437 2483 1450 2506 ‚
1471 2447 1726 2509 imaqinem
1751 2462 1886 2494 suam
1907 2444 2282 2510 colliqit(scilicet

224 2528 266 2565 et
302 2521 572 2569 animarum
620 2512 906 2573 nostrarum.
956 2525 1060 2573 Jam
1101 2544 1206 2574 vero
1293 2530 1468 2574 animas
1516 2538 1690 2575 nostras
1718 2564 1730 2587 ‚
1759 2543 1859 2592 quae
1887 2525 1944 2574 ad
1982 2529 2079 2592 ejus
2118 2527 2281 2590 imagi-

220 2598 342 2647 Deus
370 2602 565 2663 profecto
589 2621 684 2651 non
719 2616 829 2653 esset
857 2624 1014 2654 avarus
1034 2609 1207 2654 anima·
1289 2626 1395 2656 nem
1443 2608 1576 2655 factae
1622 2607 1779 2670 sunt).
1836 2606 1994 2655 Dares
2015 2642 2031 2668 ‚
2088 2607 2278 2670 inquit,

221 2696 323 2727 rum
338 2716 353 2741 ,
384 2683 419 2727 si
443 2697 595 2728 earum
623 2682 795 2748 aliquas
819 2686 1091 2751 relinqueret
1108 2690 1207 2737 siue
1279 2690 1541 2754 pecuniam
1555 2687 1910 2747 nummulariis,
1931 2698 1976 2735 et
1989 2703 2069 2752 eqo
2091 2689 2282 2735 veniens

222 2763 357 2824 gratia
372 2761 610 2809 sufficienti
625 2764 683 2810 ad
698 2764 963 2828 operabona
975 2768 1201 2830 facienda,
1285 2785 1395 2817 cum
1424 2772 1587 2817 utteris
1602 2771 1850 2833 exiqerem.
1871 2769 1923 2817 Et
1941 2768 2097 2818 Serm.
2126 2784 2288 2817 xxxvu

224 2840 281 2888 ad
314 2838 431 2889 mala
466 2843 650 2891 vitanda
675 2855 718 2892 et
750 2845 807 2892 ad
841 2849 1207 2912 consequendam
1289 2853 1407 2899 inter
1421 2850 1784 2912 ffirmanffianos,
1804 2852 1924 2915 apud
1941 2851 2097 2899 Maur.
2113 2865 2279 2909 cccux,

225 2923 360 2969 vitam
402 2932 613 2972 aeternam
634 2962 648 2984 ‚
686 2936 737 2973 ut
779 2943 855 2990 per
885 2945 931 2975 se
960 2937 1112 2992 patct3
1148 2932 1210 2978 si·
1291 2950 1342 2981 n.
1371 2948 1398 2980 2
1422 2950 1436 2980 ε
1464 2931 1744 2980 consolatur
1772 2941 1814 2980 te
1836 2949 1932 2980 non
1951 2940 2127 2979 avarus
2155 2931 2285 2978 Fra·

226 3003 409 3066 quidem
436 3008 662 3069 proprium
699 3023 938 3055 avarorum
971 3020 1059 3069 est,
1097 3011 1213 3058 nihil
1292 3021 1362 3060 ter
1391 3022 1501 3076 tuus
1522 3014 1756 3078 (Christus
1776 3014 1858 3072 )...
1901 3011 2024 3061 Dixi
2046 3024 2152 3060 eum
2186 3026 2286 3060 non

228 3088 560 3145 praetermittere
603 3105 793 3149 eorum,
829 3107 927 3155 quae
961 3094 1207 3140 necessaria
1290 3111 1510 3153 avarum,
1569 3103 1614 3147 et
1650 3094 1772 3159 forte
1830 3096 2022 3142 invenio
2064 3109 2284 3141 avarum.

231 3172 337 3209 suut
364 3164 417 3210 ad
447 3168 763 3230 acquirendam
795 3174 1055 3234 pecuniam.
1073 3171 1209 3221 Porro
1285 3177 1479 3223 Avarus
1499 3184 1564 3223 est
1589 3176 1705 3238 3⁸ed
1730 3192 1813 3223 noa
1843 3175 1940 3223 vult
1968 3174 2137 3223 habere
2155 3211 2169 3235 ‚
2202 3189 2287 3221 nos

231 3239 283 3289 S.
319 3245 617 3307 Augustinum
648 3250 707 3296 ita
734 3249 881 3298 Deum
911 3244 1099 3300 avarum
1128 3271 1211 3302 ex·
1290 3256 1388 3304 vult
1404 3258 1662 3321 acquirere.
1685 3255 1783 3304 Pro
1798 3257 1933 3304 nobis
1959 3265 2146 3304 tantum
2172 3272 2286 3320 pre-

232 3321 387 3372 hibere
418 3361 431 3382 ‚
451 3337 623 3375 constat
643 3346 695 3376 ex
713 3329 863 3381 Serm.
893 3348 952 3382 xv
982 3336 1104 3399 apud
1126 3330 1210 3384 Sir·
1293 3337 1412 3385 tium
1436 3335 1566 3385 dedit
1585 3352 1634 3385 se
1655 3339 1814 3402 ipsum
1832 3355 1846 3399 3
1862 3332 1990 3386 nihil
2005 3338 2068 3386 ad
2085 3337 2287 3402 hoopre-

234 3404 459 3452 muudum
479 3442 491 3464 ‚
533 3408 652 3471 apud
680 3409 907 3462 MaurInos
933 3431 1037 3463 vero
1066 3416 1216 3465 Serm.
1299 3420 1419 3465 tium
1434 3418 1551 3466 addi
1565 3427 1732 3483 potest.
1749 3418 1799 3466 E
1801 3436 1930 3467 narr.
1959 3422 2015 3467 in
2044 3417 2131 3468 Pa.
2153 3435 2250 3467 xcix
2267 3455 2282 3477 ‚

233 3500 364 3542 cxxv,
388 3502 439 3533 n.
467 3483 529 3534 8:
563 3484 742 3536 Parum
772 3500 838 3539 est
868 3531 882 3553 ‚
902 3496 1048 3560 inquit
1075 3533 1089 3556 ‚
1112 3495 1218 3544 Do·
1298 3517 1348 3546 n.
1379 3515 1456 3558 io,
1474 3500 1627 3548 scribit
1647 3498 1869 3549 :Avarus
1882 3510 1948 3549 est
1967 3500 2105 3549 Deus
2119 3498 2289 3546 salutis

233 3565 364 3612 mino
393 3581 519 3626 nico,
553 3583 726 3616 avarus
765 3581 830 3619 est
856 3610 870 3633 ‚
901 3575 981 3622 sed
1010 3578 1217 3625 avaritia
1298 3587 1491 3629 nostroe.

234 3643 339 3692 Dei
359 3645 510 3695 ..salue
542 3656 701 3697 nostra
741 3659 824 3701 ese.
878 3655 1071 3703 Avarus
1117 3665 1183 3704 est
1198 3694 1212 3718 ,
