2540 4074
2169 229 2248 288 53

483 235 488 240 “
547 249 702 291 PART.
742 250 783 287 1.
828 249 950 288 CAP.
997 246 1058 286 11.
1102 251 1173 287 DE
1216 250 1433 288 GnAnAE
1473 247 1851 288 NECESSITATE.

149 411 396 472 cumque
428 387 654 448 bonum
678 387 944 447 naturale
972 409 1072 447 seu
1098 386 1315 448 morale
1337 409 1459 447 esse
1487 434 1503 462 7
1531 407 1721 470 neque
1743 387 1915 446 aliam
1941 387 2245 448 retinuisse

149 485 536 568 aptitudinem
560 484 671 542 nisi
704 481 779 541 ad
801 484 1161 564 peccandum
1181 482 1287 563 (l).
1320 484 1632 543 Hominem
1661 480 1940 555 nondum,
1960 494 2242 542 renatum

148 581 211 639 in
253 577 520 640 omnibus
562 576 833 660 operibus
880 578 993 636 suis
1038 599 1309 659 peccare7
1361 577 1507 636 nihil
1546 576 1619 636 ab
1655 599 1721 636 eo
1771 577 2007 659 prodire
2036 622 2052 651 7
2089 577 2248 658 quod

150 672 480 735 damnabile
502 695 621 732 non
646 674 752 746 sit,
777 672 1021 755 ideoque
1051 662 1243 733 omnia
1272 673 1598 733 infidelium
1632 695 1807 755 opera
1842 672 2088 732 totidem
2120 693 2250 753 pec-

64 794 72 796 *
150 779 274 828 cata
306 788 459 840 esse7
488 788 553 826 ac
590 767 1070 849 philosophorum
1098 769 1343 829 virtutes
1369 766 1613 826 totidem
1644 768 1785 827 vitia
1807 768 1919 847 (2).

230 862 366 920 101.
417 863 585 940 Bajus
622 873 682 922 et
735 862 1126 934 Jansenistae7'
1161 858 1314 920 cum¹
1338 863 1698 921 Novatorum
1742 861 2096 942 principium
2119 882 2240 919 am*

144 954 306 1038 plexi
335 956 452 1014 sint
487 957 631 1015 circa
667 968 883 1016 statum
919 956 1093 1038 primi
1131 955 1387 1036 parentis
1412 999 1428 1029 7
1467 964 1785 1013 statuentes
1806 998 1822 1029 7
1860 954 2118 1013 debitam
2139 955 2249 1013 ho—

145 1051 292 1110 mini
335 1072 457 1111 esse
499 1053 786 1130 justitiam
833 1050 1171 1131 originalem
1193 1096 1208 1124 7
1250 1071 1314 1109 ac
1367 1061 1599 1131 partem
1648 1049 1855 1109 saltem
1903 1049 2249 1129 integralem

147 1146 508 1205 constituisse
535 1146 686 1205 illius
716 1157 974 1219 naturae7
1007 1166 1075 1203 eo
1114 1143 1350 1203 adducti
1377 1144 1514 1202 sunt
1533 1189 1550 1220 7
1588 1154 1655 1202 ut
1687 1143 2027 1203 eorumdem
2065 1165 2249 1204 nova-

147 1250 342 1318 torum
376 1261 596 1299 errores
636 1239 946 1299 debuerint
974 1239 1230 1320 profiteri
1273 1239 1417 1297 circa
1456 1249 1673 1297 statum
1701 1238 1951 1312 hominis
1979 1238 2143 1320 lapsi.
2175 1239 2254 1296 Ac

153 1334 216 1392 1ο
241 1355 348 1414 pro
362 1345 520 1392 certo
540 1333 762 1392 habent
780 1379 795 1408 7
822 1333 1125 1391 hominem
1145 1332 1374 1414 lapsum
1397 1334 1519 1392 sine
1535 1333 1727 1412 gratiae
1743 1332 1998 1392 subsidio
2021 1332 2251 1390 nullum

150 1429 388 1486 omnino
417 1428 634 1487 morale
672 1427 894 1487 bonum
916 1427 1138 1487 efficere
1162 1449 1329 1509 posse
1351 1472 1366 1502 7
1398 1426 1622 1486 nullam
1648 1427 1741 1486 vel
1770 1427 1961 1488 levem
1985 1428 2254 1487 tentatio-

150 1543 290 1582 nem
316 1543 608 1603 superare.
645 1523 712 1582 20
741 1524 1015 1581 Statuunt
1045 1522 1223 1582 fidem
1252 1522 1556 1582 formalem
1576 1567 1592 1596 7
1629 1533 1694 1580 ut
1728 1533 1939 1583 vocant
1958 1567 1972 1595 7
2005 1523 2252 1602 primam

153 1617 396 1696 gratiam
414 1638 534 1676 esse
553 1662 569 1691 7
595 1639 770 1698 quam
794 1619 946 1676 Deus
966 1616 1191 1676 homini
1216 1618 1473 1676 conferat
1495 1663 1511 1692 7
1531 1638 1638 1677 nec
1654 1616 1834 1676 ullam
1857 1638 2090 1698 prorsus
2115 1627 2250 1674 ante

154 1708 332 1769 fidem
366 1732 398 1768 a
446 1712 566 1769 Deo
600 1710 1050 1770 hominitribui.
1092 1711 1157 1769 30
1189 1711 1331 1770 Inde
1364 1712 1625 1771 inferunt
1649 1757 1665 1786 7
1706 1712 1900 1770 omnia
1928 1710 2253 1770 infidelium

156 1825 328 1883 opera
353 1849 368 1877 7
400 1825 527 1884 quae
553 1805 613 1861 in
637 1804 746 1863 hoc
773 1816 1082 1883 systemate
1110 1805 1233 1864 sine
1260 1806 1440 1884 gratia
1465 1807 1615 1863 fiunt
1644 1851 1658 1880 7
1695 1806 1940 1865 totidem
1965 1827 2089 1864 esse
2111 1826 2254 1886 pec—

155 1908 280 1955 cata
311 1917 376 1955 ac
405 1897 543 1957 vitia
574 1899 810 1979 proprie
852 1897 1038 1973 dicta,
1083 1920 1212 1979 quae
1240 1911 1519 1958 aeternam
1549 1900 1985 1959 damnationem
2022 1921 2257 1958 meren-

157 2001 272 2049 tur.
294 1990 359 2049 40
375 1991 753 2050 Constituunt
772 2038 787 2065 7
806 1991 983 2050 fidem
1004 1991 1191 2066 illam7
1219 2014 1353 2074 quae
1368 1994 1429 2051 in
1454 1994 1713 2074 ipsorum
1734 1993 2044 2075 hypothesi
2067 1994 2257 2075 prima

100 2154 105 2157 ,
157 2085 338 2165 gratia
372 2096 495 2159 est7
535 2085 980 2167 inseparabilem
1018 2108 1140 2146 esse
1177 2108 1209 2145 a
1255 2087 1533 2147 charitate
1572 2110 1671 2148 seu
1702 2090 2111 2167 justificatione
2141 2133 2158 2165 7
2193 2109 2258 2147 ac

159 2192 466 2263 propterea
509 2181 774 2242 homines
813 2204 936 2254 non
972 2183 1312 2261 justificatos
1354 2205 1589 2266 peccare
1651 2186 1713 2243 in
1755 2183 2025 2244 omnibus
2068 2185 2260 2265 operi-

160 2275 271 2335 bus
317 2278 432 2335 suis
464 2302 480 2350 ς
516 2275 673 2336 unde
715 2277 1070 2337 concludunt
1107 2324 1123 2353 7
1156 2277 1437 2338 desideria
1465 2324 1481 2353 7
1523 2290 1760 2338 conatus
1787 2325 1804 2355 7
1846 2279 2132 2338 orationes
2170 2280 2249 2358 ip-

160 2391 249 2431 sas
271 2416 288 2446 7
325 2370 534 2453 quibus
577 2368 902 2454 Peccatores
942 2373 1213 2432 nituntur
1245 2374 1717 2451 justificationem
1764 2373 2000 2455 adipisci
2036 2384 2133 2431 aut
2164 2395 2257 2432 re-

161 2559 358 2628 Ing-,64
379 2578 391 2611 :
415 2564 645 2622 Docetur,
668 2562 794 2627 qnod
810 2571 1058 2628 peccatum
1072 2564 1170 2611 ori-

166 2643 299 2707 qinis
322 2646 386 2692 cit
403 2643 653 2694 horribilis
678 2645 883 2709 desectus
910 2652 1170 2692 concreatae

166 2725 225 2771 in
273 2726 503 2790 paradiso
549 2727 762 2793 justitia?
810 2724 1063 2791 oriqinalis
1127 2734 1173 2774 et

167 2806 364 2853 amissio
403 2823 485 2856 seu
521 2810 735 2875 privatio
770 2809 1001 2873 imaqinis
1047 2804 1166 2857 Dei.

239 2888 306 2953 (1)
341 2887 463 2939 thid.
497 2887 524 2955 ὃ
551 2889 609 2938 31
637 2928 650 2952 7
686 2909 790 2956 pag.
817 2888 918 2940 616
946 2901 991 2939 et
1014 2888 1112 2956 617
1147 2908 1162 2939 ε

170 2969 508 3036 Repudiantur
520 3006 537 3031 ‚
555 2973 643 3036 qui
655 2971 838 3032 docent,
857 2972 1092 3021 hominem
1110 2989 1169 3020 ea·

162 3052 328 3116 prima
344 3068 432 3100 sna
454 3053 642 3117 oriqine
661 3053 818 3116 adhuc
837 3053 1026 3118 aliquid
1036 3053 1165 3114 boni,

171 3124 598 3190 quantutunccnoun
640 3137 783 3184 etiam
810 3145 855 3183 et
889 3152 1034 3200 quam
1060 3137 1168 3183 exi-

166 3229 318 3278 quum
354 3222 492 3279 'atque
530 3224 668 3264 tenue
711 3216 766 3264 id
804 3219 868 3264 sit
883 3251 900 3278 ,
933 3215 1169 3281 reliquum

170 3293 341 3342 habere
355 3330 373 3357 ,
430 3312 727 3346 caucinum
761 3297 978 3346 videlicet
1009 3306 1053 3346 et
1092 3314 1171 3345 Ar-

172 3391 405 3424 ·rrrummm
449 3384 495 3424 et
535 3379 661 3426 vires
702 3378 889 3445 aliquas
938 3381 997 3427 in
1034 3378 1173 3427 rebus

172 3456 519 3522 spiritualibus.
546 3458 738 3526 Reliqua
777 3461 1053 3510 documenta
1084 3461 1171 3510 cfr.

171 3538 294 3602 apud
328 3539 400 3588 Cl.
442 3540 676 3601 Moehler7
723 3541 799 3591 La
836 3540 1172 3608 Symboquue,

173 3620 294 3668 trad.
311 3620 367 3668 de
381 3621 569 3669 l'allem.
588 3621 844 3681 Besancom
864 3628 885 3670 '1
895 3621 1016 3682 836,
1040 3642 1091 3688 p.
1111 3621 1175 3674 52

175 3710 219 3749 et
244 3719 370 3769 seqq.
405 3713 447 3752 et
466 3721 514 3768 p.
530 3701 594 3751 80
609 3704 720 3753 edit.
739 3704 923 3754 Bruxel.
961 3701 1104 3753 1838.

1323 2579 1393 2641 (2)
1426 2577 1503 2626 Sic
1559 2577 1876 2626 Melanchton.
1938 2576 2056 2624 Loc.
2118 2575 2257 2624 theol.

1254 2676 1356 2723 pag.
1405 2675 1467 2707 22
1505 2676 1519 2707 :
1558 2658 1712 2715 Esto,
1748 2659 1902 2722 fuerit
1943 2656 2162 2722 quaedam
2204 2659 2261 2704 in

1252 2739 1445 2789 Socrate
1474 2742 1746 2788 constantia
1761 2777 1775 2800 7
1807 2741 1865 2786 in
1885 2738 2158 2787 Xenocrate
2179 2754 2260 2786 ca-

1224 2874 1226 2876 ,
1252 2823 1390 2869 atita-s
1407 2858 1420 2882 7
1455 2823 1509 2869 in
1527 2821 1728 2870 Zenone
1761 2821 2132 2897 temperantia...
2162 2834 2262 2865 non

1252 2902 1419 2951 debent
1445 2919 1538 2968 pro
1572 2905 1700 2951 veris
1733 2901 1994 2950 virtutibus
2013 2936 2026 2959 7
2063 2899 2144 2947 sed
2170 2916 2274 2965 pro>

1251 2985 1388 3033 vitiis
1420 2967 1647 3033 haberi..'.
1688 2983 1882 3047 Neqant
1916 2990 2075 3029 tamen
2104 2981 2263 3045 (Pela-

1252 3067 1382 3132 giani
1401 3103 1415 3126 7
1443 3066 1491 3114 id
1524 3076 1592 3114 est
1612 3102 1625 3124 7
1655 3064 1911 3124 Catholici)
1937 3079 2041 3111 eam
2059 3079 2155 3110 esse
2167 3065 2281 3110 vim'

1246 3148 1434 3213 peccati
1450 3144 1732 3211 originalis,
1759 3153 1814 3192 ut
1838 3161 1975 3192 onum
2011 3143 2263 3192 bantinum

1255 3244 1396 3294 opera
1415 3261 1433 3289 ‚
1480 3243 1619 3276 omns
1654 3225 1904 3274 hominnm
1939 3243 2133 3275 colinus
2167 3227 2270 3273 sint

1247 3317 1463 3376 peccata.
1502 3308 1757 3374 Calvinus,
1800 3304 2025 3363 Instituit.
2066 3307 2152 3357 lib.
2186 3312 2262 3367 11'7

1257 3394 1317 3439 ita
1353 3391 1560 3439 inscribit
1604 3398 1741 3456 eaput
1786 3389 1816 3438 3
1863 3407 1876 3437 :
1919 3388 2006 3437 Ea·
2043 3396 2268 3454 corrupta

1258 3473 1468 3521 hominis
1497 3482 1675 3520 natura
1703 3470 1836 3520 nihil
1861 3472 1967 3519 nisi
1990 3468 2267 3518 damnabile

1251 3555 1468 3621 prodire.
1500 3554 1598 3604 Cfr.
1631 3554 1832 3604 Moehler
1850 3590 1866 3618 7
1890 3552 2019 3602 ibid.
2048 3569 2155 3618 pag.
2199 3548 2269 3615 73

1262 3655 1390 3704 seqq·
