2540 4074
502 234 656 273 mar.
701 235 745 271 1.
793 233 915 271 cu».
958 232 1022 268 11.
1066 233 1135 268 nr.
1179 230 1402 269 cuma:
1445 228 1826 267 necessum-n.
2140 207 2218 267 77

117 375 310 437 sterile
329 419 344 450 7
385 373 490 434 sed
515 374 579 431 in
605 371 914 454 hypothesi
949 373 985 430 J
988 370 1165 430 uliani
1191 396 1207 444 ς
1235 369 1392 452 quod
1427 369 1474 428 si
1503 367 1740 428 daretur
1768 365 2051 445 ejusmodi
2074 389 2218 450 opus

116 469 480 530 meritorium
504 467 637 527 vitae
664 476 897 526 aeternae
925 511 940 540 ,
974 466 1233 525 Christus
1264 464 1436 545 gratis
1461 474 1724 522 mortuus
1752 472 1903 522 esset
1922 506 1938 537 7
1965 461 2068 521 sed
2095 485 2220 522 rur-

117 588 214 624 sus
247 566 312 624 in
341 563 546 622 eadem
571 560 902 643 hypothesi.

203 659 334 718 152.
386 655 462 714 Ut
489 651 686 714 autem
720 655 899 734 magis
943 664 1168 716 evertat
1217 652 1435 713 Juliani
1473 652 1760 712 theoriam
1789 698 1805 726 7
1846 653 1902 710 S.
1947 652 2220 732 Augusti—

117 774 227 813 nus
248 749 505 810 ostendit
537 750 661 808 sine
696 749 810 809 fide
836 750 933 809 vix
969 760 1069 807 aut
1102 769 1176 806 ne
1202 748 1301 807 vix
1327 736 1565 828 quidem
1595 747 1656 803 in
1689 767 1862 827 opere
1892 747 2221 828 praesertim

117 846 297 907 arduo
324 846 667 905 dari-actum
689 891 703 920 7
726 845 827 926 qui
850 844 1184 926 inquinatus
1211 864 1331 900 non
1363 843 1437 899 sit
1460 863 1528 900 ex
1553 840 1746 921 aliquo
1764 841 1880 899 fine
1906 863 2182 921 perverso
2203 887 2219 915 7

26 938 28 941 ’
114 951 290 1023 prout
330 940 450 999 late
491 938 752 1012 disserit3
796 939 930 1020 quia
978 948 1078 996 aut
1124 936 1285 994 inani
1329 934 1541 1014 gloria7
1583 945 1683 992 aut
1726 936 1996 1010 avaritia,
2036 936 2221 997 aliove

115 1057 298 1116 pravo
335 1034 546 1094 affectu
589 1045 654 1091 ut
700 1033 1018 1115 plurimum
1063 1030 1312 1090 infidelis
1363 1029 1437 1088 ad
1486 1029 1848 1110 operandum
1906 1042 2219 1104 movetur3

116 1129 274 1210 quod
301 1129 668 1189 verissimum
691 1139 799 1187 est.
837 1126 1058 1187 Deinde
1085 1124 1340 1184 ostendit
1362 1170 1376 1198 7
1402 1124 1633 1182 nullum
1665 1123 1791 1182 dari
1819 1146 1987 1206 posse
2027 1137 2222 1184 actum

111 1223 407 1283 moraliter
432 1223 746 1282 honestum
779 1233 838 1281 et
877 1220 1240 1280 meritorium
1277 1220 1413 1279 vitae
1453 1230 1680 1278 aeternae
1729 1219 1853 1277 sine
1886 1219 1999 1278 fide
2029 1245 2044 1292 ς
2087 1221 2220 1300 quia

112 1317 272 1377 deest
294 1328 525 1399 semper
548 1317 607 1375 in
626 1337 990 1398 quacumque
1013 1314 1338 1374 infidelium
1360 1314 1583 1372 actione
1609 1314 1739 1372 finis
1760 1339 1774 1387 ς
1807 1336 1922 1395 quo
1950 1314 2217 1392 absente⁷

114 1414 332 1494 quaevis
395 1413 540 1471 actio
597 1411 775 1470 relate
838 1410 912 1468 ad
953 1411 1138 1470 vitam
1191 1420 1469 1468 aeternam
1527 1410 1726 1468 vitiata
1771 1420 1859 1468 est
1916 1421 1977 1468 et
2029 1411 2224 1492 inqui-

114 1519 251 1566 nata
281 1533 296 1580 ς
334 1506 491 1588 quod
514 1507 562 1564 si
590 1517 871 1587 praeterea
903 1504 978 1563 ad
1008 1503 1130 1562 haec
1153 1502 1386 1562 accedat
1417 1505 1711 1584 perversio
1743 1504 2086 1563 intentionis
2120 1529 2222 1566 seu

116 1603 246 1659 finis
270 1600 502 1659 moralis
524 1646 539 1674 7
573 1611 750 1681 prout
787 1600 850 1657 in
879 1598 1170 1680 plerisque
1203 1598 1472 1679 operibus
1514 1597 1845 1656 infidelium
1887 1600 2174 1679 contingit
2206 1647 2221 1676 7

120 1706 257 1754 tunc
283 1696 433 1752 fiunt
457 1695 690 1776 proprie
714 1692 866 1752 dicta
891 1704 1125 1773 peccata
1145 1738 1160 1767 7
1184 1692 1257 1750 ob
1287 1714 1412 1773 quae
1435 1694 1635 1773 puniri
1658 1705 1960 1753 merentur
1986 1740 2001 1769 7
2030 1697 2127 1776 qui
2145 1698 2227 1755 sic

115 1801 449 1871 operantur.
473 1790 592 1847 Hac
608 1791 830 1847 ratione
856 1787 1198 1866 intelligitur
1226 1808 1426 1846 sensus
1458 1787 1778 1848 verborum
1801 1834 1816 1863 7
1840 1811 1969 1870 quae
1999 1791 2221 1871 profert

114 1885 167 1941 S.
198 1886 460 1963 Prosper.

202 1976 337 2036 153.
385 1978 657 2036 Ceterum
679 2022 694 2051 7
722 1977 834 2035 nisi
860 1976 981 2035 haec
1006 1986 1155 2036 esset
1182 1998 1348 2035 mens
1372 1979 1429 2035 S.
1462 1980 1796 2057 Augustini7
1827 1979 1994 2061 plura
2020 2003 2230 2063 seque-

116 2083 322 2131 rentur
350 2092 418 2130 ex
445 2075 564 2149 ejus
591 2070 854 2130 doctrina
878 2070 1127 2130 absurda
1163 2083 1221 2130 et
1265 2072 1706 2133 contradictoria
1731 2118 1753 2146 ,
1782 2096 1847 2133 ac
1876 2077 1937 2134 10
1965 2086 2229 2136 necessa‘-

118 2168 262 2226 riam
299 2188 421 2226 esse
457 2168 700 2246 gratiam
746 2167 821 2226 ad
863 2189 1006 2249 opus
1041 2166 1415 2249 ponendum7
1460 2169 1618 2249 quod
1659 2191 1889 2252 semper
1924 2193 1988 2230 ac
2020 2185 2228 2232 natura

119 2283 220 2320 sua
247 2273 397 2320 esset
419 2262 688 2322 vitiatum
719 2272 777 2319 et
803 2273 1037 2342 peccato
1063 2263 1374 2321 intrinsece
1397 2264 1679 2322 infectum
1708 2285 1776 2322 ex
1813 2265 2038 2324 defectu
2069 2268 2226 2342 finis7

120 2357 222 2438 qui
249 2356 438 2415 solum
463 2378 566 2438 per
605 2356 779 2415 fidem
808 2355 1011 2415 haberi
1034 2369 1243 2437 posset
1277 2356 1398 2437 (l);
1446 2359 1514 2416 20
1554 2361 1740 2417 Deum
1781 2371 1974 2417 ratum
2014 2360 2229 2421 habere

119 2472 188 2531 ¹ac
221 2438 461 2534 praemio
498 2472 706 2510 ornare
751 2471 895 2532 opus
934 2451 1247 2510 intrinseca
1303 2453 1524 2533 peccati
1573 2451 1704 2511 labe
1754 2453 2052 2534 pollutum
2089 2456 2177 2536 (2)
2208 2482 2224 2529 τ,

199 2631 263 2693 (l)
297 2631 414 2680 Nam
430 2631 477 2680 S.
493 2630 772 2696 Augustinus
787 2632 955 2696 passim
972 2630 1105 2679 docet
1117 2667 1131 2691 ‚

1218 2633 1424 2697 superius
1457 2641 1835 2681 commemorata.
1867 2633 1933 2681 Ex
1971 2635 2041 2683 his
2075 2640 2232 2702 sequi-

128 2710 392 2760 voluntates
416 2713 563 2761 bonas
587 2711 852 2762 infidelibus
870 2729 901 2759 a
915 2712 1020 2760 Deo
1038 2729 1135 2760 esse

127 2795 422 2860 inspiratas,
451 2812 563 2861 quas
590 2795 714 2843 Deus
746 2797 796 2842 in
821 2794 1038 2843 cordibus
1056 2812 1135 2843 eo-

131 2894 235 2924 rum
271 2877 462 2924 interna
496 2885 539 2924 et
572 2875 752 2924 occulta
772 2913 786 2936 ‚
824 2875 1044 2923 mirabili
1080 2892 1137 2922 ao

133 2957 373 3026 ineffabili
388 2965 615 3024 potestate
638 2965 891 3023 operatur,
913 2963 968 3004 ut
984 2957 1137 3022 loqui-

135 3050 211 3087 tur
225 3074 243 3101 ,
266 3040 354 3088 lib.
377 3057 414 3089 1.
440 3039 520 3088 De
531 3046 656 3104 yrat.
679 3034 892 3099 Christi,
919 3055 1023 3104 cap.
1043 3037 1108 3102 24
1123 3075 1136 3099 ‚

136 3139 185 3169 n.
203 3118 286 3169 25.
302 3121 451 3170 Etlib.
485 3139 531 3171 xv
550 3124 725 3171 Contra
739 3119 934 3169 Julian.
959 3137 1060 3185 cap.
1079 3119 1108 3167 3
1123 3156 1136 3180 ,

138 3221 191 3251 n.
219 3199 277 3249 16
295 3239 308 3263 ,
329 3203 522 3265 fatetur,
555 3206 606 3251 in
633 3202 898 3251 infidelibus
926 3218 1019 3251 esse
1046 3204 1140 3250 vir-

140 3294 260 3332 tutes
280 3320 293 3343 ,
321 3283 396 3331 sed
414 3283 580 3332 clivi-no
603 3285 797 3332 muneri
819 3282 1098 3349 tribuendae
1123 3299 1139 3348 3

141 3365 265 3414 bona
297 3355 465 3430 opera,
491 3366 572 3415 sed
599 3365 735 3414 simul
761 3365 888 3414 dona
914 3364 1035 3413 Dei.

213 3447 274 3510 (2)
310 3445 476 3512 Epist.
499 3463 655 3506 cxmv,
689 3465 737 3495 n.
769 3463 798 3495 2
818 3483 832 3507 ‚
859 3448 1064 3511 agnoscit
1092 3448 1144 3494 in

142 3527 410 3577 infidelibus
424 3529 675 3594 justitiam
689 3537 735 3577 et
750 3537 883 3577 aetus
898 3537 1113 3576 strenuos
1123 3562 1141 3588 ,

146 3609 316 3676 quibus
354 3611 439 3675 ipsi
470 3626 501 3657 a
537 3607 636 3657 Deo
672 3609 926 3676 temporale
951 3626 1148 3676 prome-

148 3682 346 3740 reantur
364 3692 627 3758 praemium
641 3728 656 3754 ,
693 3701 746 3741 ut
774 3692 862 3743 alia
888 3702 1149 3758 praeteream

1219 2722 1324 2772 tur,
1358 2723 1437 2760 aut
1474 2710 1520 2759 S.
1560 2713 1868 2778 Augustinum
1903 2719 2045 2781 reipsa
2081 2719 2232 2783 admi-

1220 2796 1325 2843 sisse
1360 2795 1409 2841 in
1442 2793 1707 2843 infidelibus
1737 2796 1911 2862 aliquot
1943 2816 2076 2862 opera
2108 2799 2232 2848 bona

1221 2893 1300 2926 seu
1318 2877 1550 2924 moraliter
1574 2877 1765 2925 honesta
1782 2914 1796 2936 ,
1831 2889 1909 2926 aut
1941 2882 2229 2929 sanctissimo

1220 2957 1406 3006 Doctori
1420 2958 1715 3006 tribuendam
1732 2975 1826 3006 esse
1842 2960 2100 3011 doctrinam
2117 2962 2229 3011 adeo

1222 3039 1519 3088 execrabilem
1538 3076 1552 3098 ,
1580 3057 1671 3104 qua
1687 3049 1915 3088 statuatur
1935 3078 1948 3098 ‚
1965 3041 2131 3090 Deum
2147 3045 2228 3091 in-

1221 3129 1357 3168 terna
1385 3129 1430 3168 et
1463 3119 1644 3168 occulta
1663 3156 1676 3178 ,
1714 3121 1935 3169 mirabili
1966 3140 2023 3171 ac
2055 3126 2232 3191 ineffa-

1222 3201 1314 3249 hili
1335 3209 1560 3267 potestate
1595 3203 1788 3267 operari
1812 3204 1868 3249 in
1894 3204 2119 3253 cordibus
2147 3206 2232 3255 Ιιο-

1223 3284 1437 3341 minum,
1469 3293 1691 3354 tanquam
1713 3300 1804 3332 sua
1829 3284 1956 3333 dona
1971 3297 2015 3335 et
2026 3286 2234 3337 coelestia

1223 3379 1425 3412 mimera
1440 3365 1718 3429 approbare,
1737 3382 1791 3413 ac
1812 3371 2095 3417 remunerari
2117 3386 2233 3433 prae-

1225 3448 1320 3493 mio
1353 3462 1406 3494 ea
1432 3482 1445 3506 ‚
1485 3463 1585 3511 quae
1629 3445 1756 3511 juxta
1797 3448 2013 3497 eumdem
2054 3449 2234 3515 Hippo-

1227 3545 1418 3575 nensem
1454 3531 1701 3576 antistitem
1727 3528 1853 3577 solus
1885 3532 2068 3596 impius
2098 3540 2235 3596 neqet

1229 3625 1326 3657 esse
1343 3618 1614 3676 peccatum.
1632 3609 1772 3676 Quasi
1787 3630 1956 3678 nempe
1971 3612 2095 3662 Deus
2111 3651 2125 3674 ‚
2149 3615 2233 3680 qui

1228 3690 1470 3758 inspiravit
1485 3710 1599 3759 opus
1613 3687 1791 3744 bonum
1809 3730 1823 3756 ,
1843 3704 1889 3745 et
1903 3697 2020 3745 vires
2034 3694 2093 3745 ad
2114 3694 2232 3746 illud
