2540 4074
299 165 378 225 32
669 174 688 185 ²
1053 184 1244 222 mser.
1291 184 1359 222 ne
1401 184 1630 235 anuis.

295 328 498 388 niones
527 327 853 407 gravissima
886 324 1184 384 interdum
1219 324 1501 406 supplicia
1529 324 1932 406 pertulerunt,
1967 346 2075 385 nec
2099 336 2298 384 tamen
2312 326 2388 385 ad

294 423 419 484 haec
446 419 780 482 sustinenda
810 420 1021 479 Christi
1065 421 1243 499 gratia
1273 421 1616 479 communiti
1639 431 1824 480 erant.
1854 423 1921 479 20
1950 422 2173 487 Pariter
2196 421 2405 500 gravis,

288 518 559 591 ‚aestimari
585 516 729 574 solet
752 514 993 572 tentatio
1012 558 1027 587 .‚
1055 535 1183 594 quae
1214 535 1299 572 ex=
1316 513 1798 593 concupiscentiae
1823 515 2230 575 colluctatione
2269 515 2389 573 ori-

294 623 420 687 tur3
441 611 511 669 de
527 631 590 669 ea
611 621 805 666 tamen
821 609 964 665 Gen.
988 609 1083 680 IV,
1101 607 1137 665 7
1166 606 1377 670 dicitur
1405 629 1417 664 z
1451 608 1576 664 Sub
1591 612 1785 667 teet-it
1805 616 2101 688 appetitus
2132 614 2261 688 ejus
2283 654 2299 682 ,
2331 618 2388 667 ct
2421 678 2423 681 Ι

292 716 359 763 tu
381 704 782 779 dominaberis
795 703 976 759 illius.
996 702 1191 759 Potest
1217 700 1392 778 igitur
1408 698 1583 758 homo
1608 701 1827 761 viribus
1849 703 1964 762 suis
1982 704 2387 785 concupiscen-

292 799 431 856 tiam
459 796 695 854 rationis
717 795 958 876 imperio
991 792 1266 872 subjicere
1311 796 1477 875 eique
1522 794 1832 855 dominari.
1878 796 1944 855 30
1983 799 2137 857 Hinc
2163 799 2386 880 optime

290 894 343 951 S.
365 892 747 970 Hieronymus
776 912 787 946 :
825 890 1036 947 Liberi
1061 889 1346 958 arbitrii,
1371 889 1564 969 inquit
1588 933 1604 962 ,
1629 909 1736 948 nos
1755 892 2026 950 condidit
2054 893 2218 951 Deus
2239 914 2387 964 ,nec

289 989 375 1045 ad
400 991 641 1044 virtutes
668 1007 774 1043 nec
798 986 881 1043 ad
920 987 1073 1042 vitia
1103 987 1439 1041 necessitate
1466 984 1794 1043 trahimur.
1824 987 2113 1064 Alioquin
2146 987 2263 1044 uhi
2291 1007 2391 1045 ne-

288 1087 552 1151 cessitas,
591 1102 693 1139 neo
725 1100 941 1138 corona
970 1089 1053 1136 est
1078 1077 1276 1155 (1).40
1301 1078 1448 1135 Huic
1475 1076 1864 1158 adstipulatur
1891 1080 1952 1138 S.
1981 1078 2263 1154 Thomas,
2286 1078 2388 1160 qui
2431 1081 2436 1087 '⁴

289 1188 485 1258 aperte
516 1176 704 1247 docet.
731 1186 956 1232 motum
988 1172 1300 1232 voluntatis
1330 1194 1452 1244 non
1487 1193 1556 1230 ex
1593 1172 1934 1231 necessitate
1971 1173 2133 1253 sequi
2169 1174 2386 1254 passio-

287 1295 456 1345 nem,
492 1272 605 1328 imo
630 1290 796 1349 posse
829 1268 1194 1327 voluntatem
1245 1288 1363 1325 non
1407 1268 1541 1324 velle
1590 1272 1998 1345 concupiscere
2027 1310 2050 1338 ,
2100 1278 2215 1325 aut
2252 1289 2387 1327 con-

286 1369 661 1445 cupiscentioe
682 1385 802 1421 non
825 1366 1170 1435 consenti'r03
1190 1372 1247 1419 et
1265 1360 1502 1442 quidem
1520 1360 1736 1423 viribus
1754 1361 1923 1420 liberi
1938 1360 2162 1420 arbitrii
2182 1407 2198 1436 ‚
2219 1361 2379 1444 quod

283 1461 569 1520 ibituetur
603 1459 716 1539 (2).
756 1460 925 1536 ErgO.

365 1556 459 1613 63.
506 1556 673 1633 Resp.
701 1552 774 1610 ad
800 1553 876 1609 1Πι
901 1553 1058 1610 Dist.
1086 1555 1234 1609 min.
1268 1553 1377 1608 Per
1403 1549 1903 1610 vehementiorem
1925 1550 2384 1631 validioremque

283 1650 655 1730 cupiditatem
683 1646 927 1704 aliamve
953 1645 1199 1703 similem
1226 1666 1491 1719 causam,
1524 1666 1707 1717 conc.;
1740 1666 1845 1725 per
1869 1646 2158 1705 motivum
2185 1666 2380 1704 mora-

281 1743 413 1802 liter
426 1743 757 1817 honestum‚
778 1742 1056 1814 subdist..
1075 1738 1382 1799 accedente
1398 1739 1591 1817 gratiae
1608 1739 1850 1812 auxiliO,
1873 1761 2063 1812 cono.;
2089 1740 2212 1799 sine
2229 1739 2380 1818 ipsu,

283 1861 408 1917 neq.
429 1841 558 1895 Non
582 1836 904 1894 inficiamur
923 1879 939 1907 a
970 1833 1269 1892 interdum
1296 1833 1608 1890 nonnullos
1631 1833 1896 1891 homines
1920 1832 2261 1893 vehementi
2275 1832 2383 1892 ali-

283 1954 395 2012 quo
413 1942 511 1989 aut
538 1931 728 2009 gloriae
755 1927 989 1986 stimulo
1021 1971 1036 2000 7
1064 1938 1163 1984 aut
1198 1926 1513 2007 cupiditate
1557 1926 1963 2006 qualicumque
1992 1971 2008 2000 a
2037 1938 2138 1985 aut
2177 1927 2389 1986 ferocia

282 2026 459 2085 animi
481 2046 550 2083 ex
582 2022 898 2104 pertinacia
934 2019 1296 2079 inflammata
1336 2021 1417 2078 ita
1454 2019 1676 2101 abripi,
1709 2032 1775 2078 ut
1802 2022 2020 2100 quaevis
2057 2033 2384 2102 superent,

282 2131 646 2198 mortemque
681 2126 1079 2175 contemnant.
1125 2116 1263 2187 Quis
1294 2125 1491 2172 tamen
1525 2114 1676 2173 hanc
1720 2136 1920 2175 veram
1969 2115 2388 2174 fortitudinem

280 2226 381 2273 aut
431 2215 704 2272 virtutem
756 2209 1008 2290 appellet
1031 2209 1061 2268 ‘2
1103 2211 1229 2266 Huc
1281 2230 1454 2289 porro
1512 2209 1845 2267 referuntur
1895 2230 2078 2290 quam
2133 2208 2387 2288 plurima

279 2310 528 2367 facinora
572 2309 998 2378 Romanorum,
1043 2315 1142 2362 aut
1177 2304 1352 2362 etiam
1393 2302 1797 2361 haereticorum
1831 2348 1846 2377 ‚
1889 2302 2385 2363 schismaticorum

278 2403 633 2481 aliorumque
662 2398 964 2477 ejusmodi.
1017 2398 1185 2470 Quod
1211 2399 1256 2455 si
1281 2419 1352 2455 ex
1376 2398 1597 2457 motivo
1625 2418 1762 2457 vere
1800 2397 2050 2457 honesto
2094 2397 2380 2479 compulsi

278 2495 542 2556 nonnulli
566 2516 635 2552 ex
658 2495 723 2552 iis
746 2493 905 2551 fuere
933 2491 1007 2550 ad
1031 2491 1165 2549 talia
1190 2492 1542 2572 perferenda
1566 2538 1581 2567 7
1613 2513 1704 2551 ex.
1738 2515 1820 2571 gr.
1863 2514 1935 2551 ex
1967 2491 2247 2553 laudabili
2270 2515 2380 2575 pa-

278 2594 400 2652 triae
437 2610 659 2662 amore.
707 2600 805 2646 aut
842 2588 915 2645 ad
957 2586 1372 2645 adstruendam
1414 2586 1670 2668 aliquam
1712 2587 2056 2660 veritatem,
2097 2609 2220 2646 non
2253 2588 2379 2648 sine

280 2688 472 2768 gratiae
530 2683 739 2742 auxilio
775 2694 898 2741 tarn
946 2683 1194 2741 arduum
1232 2703 1296 2741 ac
1345 2682 1574 2740 difficile
1624 2703 1768 2763 opus
1813 2682 2060 2761 aggressi
2101 2693 2268 2759 sunt,
2308 2694 2377 2742 ut

278 2783 444 2841 docet
468 2781 522 2837 S.
565 2778 914 2856 Augustinus
949 2821 963 2849 ,
1004 2777 1102 2855 qui
1144 2775 1247 2834 lib.
1292 2778 1380 2836 De
1422 2777 1774 2848 Patientia,
1819 2797 1943 2857 cap.
1976 2777 2170 2836 XVIII
2202 2821 2219 2852 7
2265 2776 2378 2836 hoc

277 2876 469 2955 gratiae
498 2872 717 2930 donum
751 2870 891 2929 dicit
922 2891 1044 2929 esse
1078 2913 1093 2944 ,
1137 2891 1256 2928 non
1273 2871 1552 2948 filiorum
1584 2881 1640 2928 et
1665 2873 2004 2946 haeredum,
2043 2874 2147 2931 sed
2179 2873 2376 2932 eoehoe-

278 2971 608 3028 ridatorum
622 2991 646 3039 ,-
703 2965 859 3047 quod
919 2963 1132 3023 scilicet
1173 2987 1294 3022 non
1342 2964 1415 3023 ad
1452 2964 1561 3023 lioc
1598 2966 1677 3023 eis
1725 2965 2092 3041 conceditur7
2140 2978 2205 3024 ut
2268 2988 2376 3049 per

276 3066 467 3146 ipsum
491 3061 565 3119 ad
579 3082 820 3139 regnum
842 3060 1120 3120 coelorum
1146 3072 1600 3140 promoveantur
1626 3105 1642 3134 a
1670 3059 1774 3120 sed
1809 3071 1875 3118 ut
1906 3060 2103 3120 mitius
2131 3073 2376 3146 propter

277 3158 387 3217 alia
431 3165 659 3237 peccata
704 3158 1037 3236 puniantur.
1082 3156 1435 3236 Comparans
1481 3165 1758 3235 praeterea
1803 3153 1947 3212 ibid.
2007 3156 2064 3214 S.
2115 3158 2328 3216 Doctor
2353 3201 2373 3231 ‚

278 3272 404 3332 cap.
439 3249 593 3307 XVII
617 3293 632 3321 a
662 3249 1001 3329 patientiam
1031 3271 1101 3308 ex
1130 3249 1594 3330 concupiscentia
1620 3269 1752 3307 cum
1778 3249 2060 3330 patientia
2090 3271 2162 3310 ex
2188 3253 2372 3332 gratia

277 3355 442 3427 parta
470 3343 590 3401 liaec
602 3342 871 3423 praeclare
897 3343 1092 3403 scribit
1113 3369 1130 3403 .-
1154 3345 1672 3423 Concupiscentia.¹
1706 3361 1854 3421 quoe‘
1875 3364 1996 3403 non
2033 3355 2118 3403 est
2156 3366 2228 3404 ea·
2245 3349 2371 3404 Pa-

278 3452 367 3500 tre
394 3482 416 3512 ,
458 3439 561 3497 sed
580 3459 650 3497 ew
681 3440 906 3498 mundo
931 3485 946 3514 .,
980 3450 1203 3520 quanto
1241 3440 1438 3519 fuerit
1483 3444 1554 3498 in
1603 3440 1838 3498 homine
1874 3441 2268 3501 vehementior
2314 3453 2373 3502 et

346 3561 414 3627 (1)
447 3558 583 3610 Ado.
615 3559 1004 3623 Iovinian.‚lib.
1035 3579 1104 3624 11,
1133 3579 1186 3612 n.
1210 3563 1275 3623 3,
1414 3561 1490 3626 (2)
1531 3562 1608 3624 1³,
1644 3561 1735 3624 2³¹³,
1768 3580 1819 3629 q.
1859 3579 1946 3627 10,
1970 3582 2020 3616 a.
2051 3563 2117 3626 3,
2143 3563 2203 3614 ad
2239 3579 2287 3617 1.

274 3642 389 3695 edit.
420 3641 634 3692 Vallarsi.
