2540 4074
628 184 787 233 nur.
832 196 875 232 1.
916 170 1048 233 'cna‘
1088 196 1152 234 11.
1198 196 1266 234 nn
1309 191 1530 236 caum
1572 198 1948 238 uecessrrssn.
2287 172 2358 242 ll

278 358 421 420 opus
440 333 737 395 moraliter
756 331 980 393 bonum
998 337 1167 414 agere
1190 333 1490 398 hominem
1504 327 1670 420 posse
1689 383 1704 414 ,
1736 339 1830 400 vel
1853 341 2025 402 etiam
2049 333 2172 401 non
2195 354 2368 424 posse

278 433 404 492 sine
428 428 578 502 fide,
615 428 734 486 imo
774 449 963 510 neque
995 441 1263 510 praestare
1302 451 1467 512 posse
1512 432 1733 493 bonum
1769 452 1912 515 opus
1947 434 2366 518 qualecumque

276 527 403 585 sine
415 523 821 602 justificatione
846 534 945 581 aut
968 525 1144 604 gratia
1170 527 1581 587 sanctificante.
1617 529 1762 587 Cum
1783 529 1956 609 igitur
1983 551 2053 589 ex
2078 531 2363 589 contrario

276 618 562 700 principio
599 617 983 698 profluxerint
1007 619 1285 698 ejusmodi
1312 642 1532 681 errores
1553 667 1569 696 ‚
1600 634 1658 682 et
1685 622 1780 681 alii
1818 641 1923 704 per
1946 624 2236 684 defectum
2253 670 2268 699 a
2298 635 2364 683 ut

275 713 441 770 aiunt
471 754 492 783 ,
537 711 629 770 alii
682 733 820 771 vero
865 735 969 794 per
1012 734 1308 773 excessum
1364 734 1521 796 aeque
1582 716 1869 796 impetant
1913 719 2106 798 gratiae
2164 736 2368 778 neces-'-

274 805 504 865 sitatem
523 848 539 879 ,
572 817 639 865 ut
676 807 1068 888 perspicuitati
1106 807 1467 867 consulamus
1493 853 1509 884 ‚
1541 809 1602 867 in
1631 822 1877 891 quatuor
1903 812 2199 871 distinctos
2222 809 2364 870 artiss

275 899 432 959 culos
482 900 592 960 hoe
642 912 834 960 totum
873 913 1278 981 argumentum
1329 903 1647 983 partiemur
1673 928 1688 976 ς
1732 904 1792 962 in
1845 923 2092 986 quorum
2138 905 2365 964 duobus

266 994 564 1077 ,prioribus
603 996 880 1057 adversus
911 1017 1008 1056 eos
1028 1041 1044 1070 ,
1069 997 1168 1078 qui
1195 1015 1302 1078 per
1331 995 1619 1055 defectum
1646 1042 1661 1071 .‚
1685 998 1746 1056 in
1781 994 2005 1058 duobus
2034 1000 2363 1079 posteriori-

274 1087 385 1147 bus
411 1089 684 1150 adversus
713 1112 809 1150 eos
828 1136 843 1166 .,
868 1092 964 1167 qui
991 1111 1097 1173 per
1124 1110 1416 1149 excessum
1434 1102 1700 1172 pugnant
1725 1093 1871 1152 eirca
1895 1094 2090 1173 gratiae
2114 1094 2363 1152 necessi—v

274 1194 452 1244 tatem
473 1229 488 1258 ,
520 1206 770 1264 agemus,
790 1185 878 1244 Sic
896 1186 1052 1244 enim
1074 1229 1090 1259 ,
1125 1206 1361 1244 omnem
1378 1187 1659 1246 evitantes
1686 1187 2075 1246 confusionem
2092 1231 2108 1260 ,
2139 1187 2364 1247 univer-

276 1299 423 1354 sam,
455 1301 567 1361 qua
586 1279 698 1338 late
729 1290 890 1360 patet
910 1325 925 1353 .,
944 1280 1269 1338 doctrinam
1291 1279 1727 1360 complectimur
1755 1279 2091 1340 catholicam
2111 1280 2217 1339 sub
2247 1301 2369 1339 uno-

275 1373 597 1455 eodemque
615 1375 835 1455 capite3
870 1395 939 1432 ex
969 1396 1083 1454 quo
1111 1373 1637 1455 depreliendemuS‚
1674 1375 1813 1456 quid
1850 1375 2024 1434 homo
2050 1375 2226 1456 possit
2264 1386 2364 1432 aut

273 1489 394 1527 non
434 1470 617 1550 possit
653 1470 900 1550 propriis
946 1467 1163 1528 viribus
1198 1480 1326 1526 tum
1367 1469 1429 1525 in
1471 1469 1671 1527 ordine
1698 1468 2119 1549 supernaturali
2154 1479 2279 1527 tum
2301 1468 2362 1524 in

273 1563 478 1622 ordine
504 1563 786 1638 naturali,
824 1584 889 1621 ac
918 1562 1155 1622 demum
1188 1584 1485 1643 quousque
1508 1584 1627 1621 sese
1652 1562 1928 1622 extendat
1950 1563 2142 1642 gratiae
2166 1582 2364 1621 neces-

272 1659 407 1717 sitas
436 1657 510 1716 ad
541 1678 715 1739 opera
739 1658 859 1718 sive
885 1655 1341 1739 supernaturalia
1375 1658 1495 1717 sive
1524 1656 1760 1715 moralia
1786 1656 2080 1717 elicienda.

1074 1832 1459 1886 ARTICULUS
1536 1835 1580 1885 Ι.

378 1962 471 2022 De
510 1962 817 2021 erroribus
859 1960 1328 2042 Pelayianorvcm
1370 1966 1533 2020 circa
1569 1966 1785 2041 yratioe
1828 1965 2238 2021 necessitatem.

351 2123 452 2183 24.
487 2125 633 2184 Cum
656 2124 878 2206 primus
903 2125 1208 2182 hominum
1231 2145 1441 2204 parens
1470 2125 1531 2182 in
1563 2135 1868 2204 systemate
1900 2124 2359 2203 Pelagianorum,

271 2230 337 2277 ut
362 2219 660 2279 innuimus
681 2263 696 2294 ,
722 2240 914 2301 neque
936 2241 1108 2300 supra
1139 2230 1361 2277 naturae
1381 2240 1495 2278 suae
1518 2218 1910 2277 conditionem
1935 2240 1963 2276 a
1993 2222 2108 2277 Deo
2133 2229 2363 2277 evectus

271 2314 443 2374 fuerit
463 2336 569 2396 per
588 2315 783 2395 gratiae
805 2315 1209 2374 sanctificantis
1234 2313 1600 2374 collationem
1624 2361 1638 2389 ‚
1669 2336 1858 2395 neque
1882 2326 2075 2373 auctus
2104 2313 2256 2371 dono
2277 2313 2364 2369 in·

271 2410 550 2488 tegritatis
572 2455 588 2483 a
629 2409 766 2481 hine
797 2409 980 2468 Adam
1004 2430 1109 2489 per
1132 2421 1432 2490 peccatum
1462 2430 1569 2467 nec
1610 2409 1818 2467 excidit
1846 2430 1877 2466 a
1911 2408 2008 2465 tali
2043 2418 2193 2465 statu
2214 2451 2228 2479 ,
2258 2426 2363 2463 nec

268 2502 450 2562 ullam
478 2505 876 2562 infirmitatem
898 2504 1181 2562 contraxit
1202 2528 1217 2576 ς
1245 2502 1308 2561 id
1322 2514 1409 2562 est
1428 2549 1443 2578 ,
1477 2524 1665 2584 neque
1686 2503 2006 2584 expoliatus
2032 2503 2137 2560 fuit
2158 2522 2361 2582 super-

269 2597 653 2673 naturalihuS‚
669 2620 859 2680 neque
874 2598 981 2656 fuit
1013 2597 1346 2658 vulneratus
1362 2598 1424 2655 in
1450 2597 1831 2656 naturalibus.
1860 2599 2223 2678 Quapropter
2240 2599 2359 2672 ejus

270 2689 372 2749 filii
401 2695 522 2752 sine
545 2703 779 2774 peccato
803 2703 1150 2766 nascuntur,
1182 2713 1246 2750 ac
1270 2692 1333 2750 in
1361 2691 1564 2751 eodem
1583 2702 1737 2750 statu
1764 2702 2083 2750 nascuntur
2113 2735 2127 2763 ‚
2156 2690 2216 2748 in
2245 2707 2360 2770 quo

269 2786 491 2867 primus
509 2787 685 2847 homo
699 2809 731 2845 a
749 2789 868 2846 Deo
884 2786 1143 2846 conditus
1156 2787 1263 2845 fuit
1284 2832 1298 2861 7
1318 2807 1448 2845 cum
1462 2788 1658 2848 nativa
1681 2786 1776 2844 illa
1794 2785 2206 2858 imbecillitate„
2233 2803 2362 2864 quae

271 2882 503 2963 propria
537 2894 758 2942 naturae
792 2882 1063 2941 humanae
1092 2893 1178 2941 est
1197 2928 1212 2956 ,
1234 2878 1466 2941 obnoxii
1492 2882 1830 2962 ignorantiae
1850 2925 1864 2953 ,
1892 2879 2364 2959 concupiscentiae

273 2975 658 3035 colluctationi
675 2995 738 3036 ae
760 2977 997 3036 demum
1027 2977 1217 3035 morti.
1247 2978 1311 3036 ln
1329 2977 1436 3036 hac
1458 2975 1761 3057 hypothesi
1786 2973 1950 3033 facile
1976 2973 2360 3044 eratinferre,

274 3090 462 3151 neque
487 3070 670 3130 Adam
693 3084 825 3153 post
849 3083 1147 3153 peccatum
1180 3093 1370 3152 neque
1405 3077 1522 3149 ejus
1545 3081 1800 3151 posteros
1835 3068 2235 3149 qualicumque
2272 3067 2364 3123 in-
2414 3143 2416 3145 „

273 3163 519 3243 diguisse
541 3166 751 3226 auxilio
767 3165 1211 3249 supernaturali,
1236 3183 1350 3246 quo
1365 3165 1436 3223 ad
1451 3174 1661 3223 statum
1687 3162 2182 3245 supernaturalem
2199 3162 2366 3249 resti,-

271 3270 577 3319 tuerentur
595 3306 610 3336 .,
627 3283 815 3344 neque
838 3261 1143 3339 adjutoria,
1168 3281 1281 3342 quo
1295 3268 1394 3319 aut
1411 3279 1610 3318 eorum
1627 3258 1950 3317 intellectus
1976 3256 2363 3315 illustraretur

271 3363 372 3413 aut
421 3352 688 3415 voluntas
732 3353 976 3416 validior
1011 3355 1350 3416 redderetur
1392 3374 1456 3413 ae
1513 3353 1717 3412 idonea
1745 3351 1826 3411 'ad
1865 3352 2082 3411 bonum
2124 3349 2370 3432 quodvis

268 3435 666 3537 peragendum¹
703 3463 802 3510 aut
835 3450 910 3510 acl
942 3449 1296 3533 superandos
1330 3450 1718 3508 tentationum
1755 3449 2022 3528 impetus,
2066 3443 2231 3518 Quod
2258 3443 2304 3501 si
2333 3464 2366 3500 a

271 3545 392 3603 Deo
416 3543 700 3623 ejusmodi
718 3545 1116 3607 conceduntur
1140 3543 1390 3605 subsidia
1415 3588 1430 3618 ‚
1458 3565 1524 3603 ea
1541 3542 1777 3625 quidem
1793 3540 2100 3601 faciliorem
2113 3538 2365 3607 *efficient

275 3636 526 3698 hominis
564 3638 822 3700 lahorem
869 3651 996 3700 tum
1037 3640 1111 3700 ad
1152 3639 1411 3702 veritatis
1451 3637 1880 3720 inquisitionem
1905 3647 2030 3694 tum
2047 3633 2121 3693 ad
2145 3632 2366 3692 honum
