2430 4056
487 171 647 212 rAn'r.
692 174 756 212 11.
799 173 921 212 cu.
967 173 1031 211 11.
1077 174 1144 210 nu
1186 173 1623 213 sus‘rmmnionn
1665 175 1828 231 mni.
2093 155 2221 221 273,

206 309 340 368 603.
384 310 643 369 Primum
679 318 840 391 patet
879 330 950 368 ex
1001 309 1210 369 Christi
1255 309 1486 382 verbis,
1534 310 1744 370 Matth.
1796 310 1978 370 XXVI
1998 354 2015 385 ‚
2069 310 2143 369 41
2189 335 2204 370 :

43 466 45 468 ,
136 405 383 483 Viyilate
409 416 464 462 et
488 412 676 470 orate,
712 411 797 460 ne
816 406 1052 462 intretis
1072 409 1141 463 in
1169 408 1544 463 tentationem
1563 427 1586 471 ,·
1606 399 1684 464 ex
1712 403 1906 465 verbis
1930 404 2207 486 Apostoli,

124 497 150 554 Ι
175 498 304 555 (ἶοτζ
339 500 391 555 X
417 542 432 570 ,
466 499 577 555 12:
606 496 732 575 Qui
753 517 810 554 se
829 502 1132 556 emistimat
1150 509 1304 556 stare
1318 541 1341 569 ,
1373 499 1604 568 videat,
1636 520 1707 556 ne
1732 500 1938 571 cadat3
1963 509 2024 558 et
2041 501 2207 558 Rom.

121 590 223 663 xl,
249 592 362 650 20:
400 591 456 650 T
449 592 614 668 ufide
633 599 753 648 stas
776 614 793 648 .·
813 596 933 648 noli
945 594 1136 649 alt-am
1161 613 1388 670 sapere,
1413 593 1514 650 sed
1535 595 1706 664 time3
1731 603 1789 650 et
1813 591 1948 650 alibi
1979 594 2211 673 passim.

204 686 342 744 604.
385 685 643 745 Alterum
679 684 926 744 habetur
959 686 1112 767 apud
1140 686 1342 745 Ezech.
1385 688 1665 760 XXXIII,
1698 688 1773 744 12
1802 709 1815 744 ε
1843 689 2059 747 Justus
2090 711 2214 748 non

110 785 332 859 poterit
371 782 559 838 vivere
600 784 670 837 in
692 784 954 862 justitia*
981 802 1096 838 aaa
1110 823 1131 851 ,
1188 784 1257 837 in
1307 801 1681 858 quacumque
1717 783 1813 838 die
1844 789 2209 860 peccaverit3

38 925 40 927 ,
122 885 182 934 et
198 895 264 933 zv.
301 872 372 931 13
409 875 724 934 :Etiamsi
748 876 953 932 diaero
969 878 1140 951 justo
1156 916 1178 944 ,
1204 875 1365 951 quod
1381 879 1503 932 vita
1531 878 1694 931 vivat
1712 916 1735 944 ,
1763 885 1845 943 et,
1873 878 2120 953 confisus
2143 882 2215 936 in

100 970 354 1045 justitia
385 989 495 1026 sua
510 1011 530 1038 ,
559 972 770 1046 fecerit
793 972 1212 1046 iniquitatem,
1250 988 1445 1025 omnes
1467 971 1730 1045 justitiae
1773 971 1900 1044 ejus
1931 971 2219 1028 oblivioni

119 1063 474 1134 tradentur,
515 1074 570 1120 et
598 1069 666 1121 in
707 1066 1027 1141 iniquitate
1075 1082 1188 1119 sua
1210 1103 1232 1132 ,
1277 1083 1463 1139 quam
1497 1071 1770 1140 operatus
1804 1072 1887 1118 est
1906 1103 1928 1132 ,
1971 1067 2041 1120 in
2080 1068 2215 1142 ίρεα

116 1161 430 1216 morietur.
595 1164 598 1167 ⁴
2067 1226 2069 1229 ¹

200 1251 337 1309 605.
387 1251 643 1308 Tertium
666 1249 914 1330 denique
936 1259 1162 1308 constat
1186 1269 1255 1307 ex
1282 1247 1510 1327 Angelis
1534 1248 1698 1307 malis
1718 1294 1733 1323 .,
1761 1249 1943 1308 Adam
1964 1295 1978 1325 ‚
2012 1251 2210 1326 Saule,

118 1338 338 1407 Davide
365 1391 380 1420 ,
412 1345 716 1403 Salomone
736 1389 752 1418 .‚
778 1347 948 1403 Petro
968 1389 984 1418 7
1022 1346 1056 1402 J
1062 1343 1172 1401 uda
1197 1343 1435 1424 aliisque
1463 1388 1478 1417 ,
1506 1346 1603 1424 qui
1633 1366 1832 1404 omnes
1856 1390 1871 1418 ,
1897 1366 2029 1404 cum
2052 1348 2212 1427 prius

118 1451 311 1499 essent
321 1440 460 1517 justi
481 1483 496 1513 ,
530 1440 782 1519 graviter
806 1437 1175 1518 deliquerunt
1195 1482 1210 1510 .,
1244 1437 1536 1517 Scriptura
1557 1448 1700 1496 teste
1721 1463 1736 1511 ς
1761 1460 2006 1519 quorum
2035 1439 2128 1498 alii
2148 1441 2212 1498 in

117 1535 362 1615 peccatis
385 1533 597 1591 mortui
618 1542 754 1591 sunt
773 1580 789 1608 7
819 1531 913 1591 alii
933 1543 1128 1590 autem
1147 1530 1377 1610 jugibus
1400 1530 1662 1611 lacrymis
1685 1553 1813 1591 suas
1833 1532 2027 1614 culpas
2050 1533 2227 1602 elue--

116 1640 255 1687 runt
294 1629 403 1710 (l).

197 1723 334 1781 606.
380 1725 460 1782 Ex
486 1723 748 1782 Patribus
782 1745 967 1781 unum
996 1723 1287 1782 afferimus
1319 1724 1701 1802 Augustinum
1721 1769 1736 1796 .,
1765 1724 1864 1805 qui
1899 1726 2208 1786 veritatem

115 1817 491 1892 catholicam,
534 1839 710 1898 quam
746 1818 1095 1876 adstruimus
1126 1862 1141 1890 ,
1183 1817 1438 1876 adinstar
1484 1819 1754 1899 principii
1802 1818 1874 1876 ab
1932 1819 2203 1879 omnibus

115 1911 350 1969 admissi
388 1914 710 1992 supponit3
763 1924 831 1970 ut
871 1933 1003 1978 cum
1032 1956 1047 1985 ‚
1090 1911 1192 1969 lib.
1247 1913 1335 1970 De
1370 1924 1614 1991 corrept.
1656 1924 1711 1970 et
1761 1917 2003 1992 qratia,
2052 1925 2208 1972 totus

115 2003 178 2063 in
205 2026 272 2063 eo
293 2016 381 2080 est
400 2050 415 2079 ,
442 2015 508 2062 ut
532 2006 760 2064 evincat
781 2004 1080 2062 hominem
1103 2049 1119 2078 .,
1145 2009 1353 2081 sijam
1379 2017 1752 2084 reyeneratus
1777 2017 1832 2063 et
1837 2008 2211 2084 justificatus

98 2104 184 2158 «in
235 2102 463 2158 malam
505 2105 693 2158 vitam
731 2121 840 2158 sua
877 2101 1172 2157 voluntate
1208 2100 1531 2171 relabitur,
1572 2122 1684 2158 esse
1713 2102 2164 2179 corripiendum
2185 2144 2208 2173 ,

113 2198 262 2271 quia
282 2204 579 2271 acceptam
597 2199 865 2274 qratiam
894 2214 998 2251 suo
1021 2197 1090 2251 in
1109 2196 1339 2251 malum
1354 2196 1536 2252 libero
1564 2199 1770 2252 amisit
1789 2197 2047 2252 arbitrio
2080 2195 2202 2274 (2);

113 2298 173 2346 et
211 2286 346 2345 alibi
398 2308 566 2368 saepe.
616 2289 1006 2346 Confirmatur
1051 2307 1188 2347 vero
1232 2308 1302 2345 ex
1357 2289 1450 2344 SS.
1484 2288 1768 2367 Cypriano
1786 2331 1800 2359 ,
1863 2287 2163 2346 Ambrosio
2183 2333 2201 2363 .‚

112 2382 392 2455 PacianO,
433 2382 744 2459 Augustino
788 2381 1103 2460 ceterisque
1142 2379 1447 2453 omnibus7
1498 2382 1597 2460 qui
1641 2402 1875 2461 operam
1911 2393 2205 2441 navarunt

112 2475 175 2532 in
216 2473 579 2534 defendenda
621 2474 894 2533 catholica
947 2474 1206 2532 doctrina
1223 2519 1239 2550 ‚
1290 2474 1435 2532 circa
1482 2474 1815 2533 facultatem
1864 2475 2122 2535 Ecclesiae
2168 2497 2201 2534 a

113 2568 341 2627 Christo
358 2568 553 2627 datam
574 2568 907 2638 remittendi
926 2569 1143 2648 quaevis
1160 2580 1389 2648 peccata
1415 2579 1546 2649 post
1565 2567 1920 2649 baptismum
1935 2563 2158 2649 patrata
2179 2615 2194 2642 ,

111 2661 384 2722 adversus
433 2665 811 2723 Montanistas
843 2675 901 2722 et
929 2663 1299 2723 Novatianos.
1332 2665 1641 2742 Perperam
1668 2662 1952 2743 siquidem
1979 2685 2200 2743 propu-

108 2769 382 2839 gnassent
429 2758 702 2819 adversus
738 2756 1019 2836 ejusmodi
1048 2757 1313 2817 sectarios
1339 2755 1500 2815 illam
1526 2755 1858 2815 facultatem
1878 2802 1908 2836 ³.
1930 2759 1978 2814 si
2002 2758 2063 2814 in
2096 2758 2194 2815 Ec-

108 2851 278 2912 clesia
303 2863 450 2910 -tunc
488 2852 760 2932 temporis
805 2850 1146 2910 obtinuisset
1186 2872 1376 2926 error,
1414 2872 1587 2931 quem
1629 2851 2033 2932 impugnamus
2062 2894 2078 2924 ,
2120 2849 2194 2910 de

0 3005 1 3012 ,
105 2945 585 3006 inamissibilitate
607 2946 1047 3023 justificationis,

129 3050 131 3052 ’
187 3040 325 3118 607.
349 3041 610 3120 Denique
638 3040 849 3100 veritas
866 3039 1142 3098 doctrinae
1166 3039 1457 3098 catholicae
1482 3037 1765 3098 evincitur
1790 3058 1860 3095 ex
1884 3036 2147 3096 absurdis
2169 3083 2186 3112 .,

0 3198 2 3210 ‚
107 3156 234 3218 quae
275 3156 361 3218 ex,
387 3133 843 3195 adversariorum
895 3132 1201 3213 hypothesi
1246 3132 1578 3214 profluunt,
1624 3152 1864 3212 quaeque
1914 3130 2191 3212 expendit

108 3229 338 3290 Grotius
393 3228 870 3288 iufliwum'om
912 3229 1190 3307 apoloyioe
1224 3229 1429 3286 Riveti
1460 3251 1476 3283 .·
1521 3226 1861 3284 Christiani
1885 3233 2142 3305 pectoris
2163 3267 2187 3296 ,

0 3308 19 3408 ’1
96 3324 319 3405 inquit,
359 3332 444 3382 est
471 3311 799 3382 horrescere
826 3343 895 3381 ea
930 3310 1205 3401 doqmata
1217 3363 1239 3393 ,
1285 3341 1416 3399 qace
1449 3324 1673 3399 pietati
1714 3331 1922 3380 nocent
1943 3321 2182 3399 ,quale

167 3488 233 3576 (1)
259 3511 353 3561 Cfr.
371 3512 588 3562 Bellum,
604 3510 683 3560 De
690 3511 993 3576 justific2lib.
1020 3526 1090 3568 m,
1241 3509 1307 3573 (2)
1343 3508 1442 3558 cfr.
1460 3511 1710 3574 praesertim
1728 3526 1834 3576 cap.
1865 3528 1929 3560 VI.
1975 3520 2018 3560 et
2045 3527 2176 3575 seqq.

3 3610 5 3617 ·
99 3591 335 3660 cap-14„

171 3674 234 3732 T.
278 3674 346 3733 v.
1368 3629 1371 3631 “
1662 3655 1665 3657 ’
1820 3673 1893 3732 18
