2430 4056
475 129 597 173 cu».
643 131 708 170 11.
755 130 825 171 »Β
865 127 1346 168 smmum-onum
1386 130 1441 167 π.
1487 130 1537 166 1..
1585 125 1961 166 nrrrnc'rums·
2166 104 2281 166 337

977 298 1386 352 PROPOSITIO
1426 299 1492 350 11.
1558 367 1560 370 .

175 442 257 503 In
306 443 505 502 trihus
553 442 960 500 Sacramentis
983 483 1005 511 ,
1062 441 1369 520 Baptismo
1416 440 1638 499 scilicet
1652 481 1674 512 ,
1721 439 2179 517 Confirmatione
2232 451 2287 500 et

260 537 522 607 ordine,
565 537 956 613 imprimitur
989 534 1302 593 character
1335 539 1406 592 in
1444 539 1694 616 anima,
1733 534 1836 592 hoc
1877 544 1993 605 est,
2035 538 2281 614 siqnum

255 631 557 710 quoddam
571 630 915 708 spirituale,
943 638 998 686 et
1013 629 1320 687 indelebile
1340 672 1355 702 .,
1384 628 1540 686 unde
1562 648 1632 686 ea
1647 631 1869 686 iterari
1877 648 1998 686 non
2004 638 2277 707 possunt.

257 817 356 878 78.
400 818 485 876 De
507 815 620 875 fide
650 816 761 876 hoc
797 826 919 890 est,
959 826 1025 875 ut
1051 826 1278 875 constat
1315 837 1387 874 ex
1428 836 1555 874 can.
1596 816 1675 873 IX
1711 817 1885 875 Cone.
1924 817 2288 895 Tridentini,

174 909 265 970 his
292 910 486 973 verbis
522 932 794 992 expresso
842 932 856 969 :
899 911 973 970 Si
1003 915 1139 988 quis
1188 910 1446 980 dixerit,
1493 915 1564 968 in
1610 911 1810 968 tribus
1847 913 2288 987 Sacramentis,

174 1006 488 1086 Baptismo
521 1008 744 1065 scilicet
783 1005 1239 1084 Confirmatione
1251 1046 1272 1074 ,
1301 1014 1355 1061 et
1381 1004 1648 1075 Ordine,
1691 1025 1810 1061 non
1846 1009 2132 1084 imprimi
2157 1009 2292 1067 clia-

176 1113 465 1160 racterem
504 1105 573 1161 in
622 1105 838 1160 anima
863 1146 880 1177 ‚
928 1101 1031 1160 boc
1069 1110 1185 1170 est,
1238 1104 1477 1179 siynum
1524 1100 1823 1178 quoddam
1864 1087 2184 1180 spirituale
2242 1113 2297 1161 et

177 1198 514 1268 indelebile,
547 1198 704 1256 unde
738 1218 808 1255 ea
849 1198 1065 1254 iterari
1097 1215 1217 1252 non
1239 1205 1526 1273 possunt,
1574 1196 1899 1254 anathema
1946 1201 2045 1256 sit.

148 1276 150 1278 ¹
257 1290 357 1350 79.
401 1292 558 1351 Licet
581 1312 717 1350 vero
740 1289 861 1350 haec
884 1291 1095 1351 veritas
1120 1289 1256 1348 satis
1280 1300 1477 1370 aperte
1493 1290 1844 1369 significetur
1873 1290 1934 1348 in
1953 1291 2286 1373 scripturis,

179 1406 419 1444 omnem
437 1396 637 1444 tamen
655 1385 995 1443 firmitatem
1022 1405 1187 1443 suam
1212 1395 1512 1442 mutuatur
1536 1385 1901 1466 potissimum
1916 1408 1985 1446 ex
2003 1387 2297 1446 constanti

178 1478 492 1538 traditione
521 1491 580 1538 et
603 1477 865 1538 Ecclesiae
887 1500 1078 1537 sensu.

265 1575 366 1633 80.
395 1574 473 1633 Ac
487 1574 677 1656 primo
701 1573 938 1655 quidem
963 1574 1315 1654 significatur
1340 1574 1402 1631 in
1426 1573 1768 1656 Scripturi53
1801 1575 2016 1635 etenim
2038 1622 2053 1650 .,
2084 1576 2135 1635 II
2158 1577 2292 1636 Cor.

183 1668 244 1743 I7
275 1669 391 1743 22,
431 1667 630 1727 scribit
657 1668 962 1750 Apostolus
1002 1691 1015 1726 ε
1067 1670 1189 1748 Qui
1218 1674 1402 1727 unxit
1431 1690 1533 1726 nos
1568 1671 1764 1741 Deus,
1790 1675 1900 1748 qui
1939 1680 1995 1727 et
2030 1676 2297 1750 siqnavit

182 1784 288 1822 nos
302 1806 325 1835 ,
364 1773 422 1822 et
454 1765 617 1823 dedit
631 1769 862 1843 piqnus
898 1765 1167 1842 Spiritus
1191 1768 1260 1821 in
1295 1765 1575 1822 cordibus
1605 1769 1823 1822 nostris
1855 1765 1977 1845 (1);
2007 1786 2107 1823 seu
2128 1769 2299 1842 juxta

179 1878 430 1937 graecum
454 1868 679 1917 textum
704 1880 717 1915 ε
756 1858 941 1918 Unoeit
967 1880 1072 1916 nos
1087 1900 1110 1929 ,
1135 1862 1274 1936 qui,
1293 1868 1347 1915 et
1366 1859 1685 1937 obsiqnans
1706 1881 1808 1917 nos
1818 1903 1839 1932 ‚
1868 1861 2030 1917 dedit
2031 1864 2263 1939 pignus
2279 1902 2297 1935 ,

181 1962 330 2025 ete.;
375 1962 503 2010 tum
542 1951 750 2032 Ephes.
780 1954 836 2028 I,
884 1952 957 2011 13
995 1974 1008 2010 :
1051 1954 1132 2011 In
1166 1974 1281 2031 quo
1315 1952 1529 2033 (verbo
1575 1955 1872 2033 veritatis)
1908 1966 1962 2012 et
2007 1958 2301 2016 credentes

181 2050 410 2127 siqnati
436 2051 572 2105 estis
593 2048 827 2125 Spiritu
848 2051 1272 2126 promissionis
1298 2050 1549 2120 Sanct03
1575 2059 1703 2105 tum
1729 2047 1873 2107 ibid.
1909 2052 1981 2107 IV
1999 2095 2014 2124 .,
2042 2050 2119 2108 30
2141 2096 2156 2125 ,
2198 2051 2301 2111 ubi

100 2168 105 2171 ¹
185 2130 281 2201 eos
315 2141 582 2200 hortatur
608 2185 624 2215 .,
665 2162 741 2200 ne
771 2140 957 2202 velint
991 2146 1343 2200 contristare
1378 2143 1684 2220 Spiritum
1720 2142 2009 2202 Sanctum
2046 2147 2200 2218 Dei,
2226 2151 2299 2207 in

185 2256 301 2315 quo
340 2234 595 2316 (inquit)
631 2239 858 2314 siqnati
891 2239 1027 2294 estis
1062 2241 1131 2293 in
1159 2237 1318 2293 diem
1363 2238 1804 2314 redemptionis.
1842 2237 2059 2309 Quibus
2105 2240 2299 2300 verbis

187 2328 394 2388 Paulus
418 2349 550 2387 oum
578 2333 918 2388 unctionem
941 2328 1013 2387 ab
1037 2331 1442 2409 obsiqnatione
1468 2330 1782 2409 distinguat
1802 2376 1816 2405 ⁷
1843 2343 1900 2389 et
1922 2345 2135 2391 asserat
2163 2334 2302 2394 fide-

186 2424 271 2484 les
298 2429 431 2505 post
467 2425 730 2484 auditum
765 2425 1023 2484 veritatis
1054 2424 1299 2486 verbum
1330 2436 1785 2506 conceptamque
1828 2425 2003 2485 fidem
2039 2433 2300 2507 siqnatos

183 2523 375 2599 fluisse
391 2561 415 2591 ,
459 2541 582 2578 non
617 2517 857 2578 obscure
894 2518 1173 2601 baptismi
1206 2518 1321 2577 illic
1359 2530 1418 2578 et
1447 2520 1902 2579 confirmationis
1942 2525 2213 2602 siqillum
2237 2534 2297 2584 et

189 2614 589 2673 characterem
619 2615 856 2673 denotat
874 2614 983 2694 (2).

187 2757 191 2761 .
273 2708 371 2766 81.
422 2707 644 2767 Deinde
667 2729 738 2768 ex
765 2709 1058 2768 constanti
1083 2709 1394 2768 traditione
1428 2709 1752 2768 firmissime
1774 2709 1895 2769 haec
1922 2712 2132 2771 veritas
2158 2733 2300 2771 con-

190 2813 328 2862 stat.
376 2803 558 2880 Hujus
597 2813 772 2862 testes
821 2814 959 2862 sunt
994 2807 1190 2862 Patres
1219 2849 1234 2878 ,
1289 2825 1539 2885 quorum
1582 2806 1946 2863 auctoritates
1995 2806 2300 2886 diligenter

195 2896 422 2976 collegit
445 2896 834 2958 Trombellius
858 2899 969 2978 (3).
992 2899 1221 2957 Etenim
1253 2920 1323 2958 ex
1348 2898 1615 2958 Patribus
1647 2898 1743 2956 alii
1766 2899 1998 2974 docent,
2023 2922 2129 2981 per
2152 2900 2301 2983 bap-

195 2993 435 3052 tismum
476 2991 735 3074 imprimi
783 2995 1053 3073 siqillum
1094 3005 1371 3054 sanctum
1386 3037 1410 3066 ,
1460 2995 1800 3066 indelebile,
1850 3006 1917 3053 ut
1960 2994 2301 3075 Chrysosto-

262 3221 327 3286 (1)
362 3222 414 3270 Ὀ
442 3219 518 3271 xa)
548 3219 915 3289 σφραγισάμενος
947 3224 1100 3288 iuge,
1129 3220 1206 3272 καὶ
1289 3232 1508 3272 racterem
1534 3259 1547 3283 ,
1573 3224 1625 3270 in
1647 3221 1754 3287 ejus
1783 3223 2178 3274 confirmationem
2197 3243 2300 3291 pro-

195 3299 299 3356 δὀδς
324 3299 394 3352 ro'v
418 3304 645 3371 οἱῤῥιιβοηι
671 3309 750 3354 τοῦ
771 3304 1023 3368 πνεύματος
1046 3294 1206 3358 {roais
1289 3306 1438 3353 ferant
1471 3305 1567 3352 haec
1601 3303 1805 3369 Apostoli
1836 3305 1977 3355 dicta.

196 3383 404 3453 καρδίαις
434 3387 573 3451 ἤμὸν.
801 3396 803 3398 ’
1357 3384 1420 3450 (3)
1468 3383 1540 3435 De
1584 3383 1730 3451 Bapt.
1775 3395 1883 3434 tom.
1930 3404 1960 3435 v
1977 3422 1992 3450 ‚
2041 3387 2152 3436 diss.
2201 3402 2292 3448 ΧΤ,

266 3469 333 3532 (2)
370 3468 471 3517 Hoc
494 3470 635 3535 magis
648 3469 876 3520 constabit
894 3488 950 3520 ex
976 3487 1031 3520 eo
1048 3507 1061 3532 ,
1082 3471 1207 3538 quod
1288 3485 1338 3533 p.
1372 3484 1425 3515 111
1443 3504 1457 3528 ‚
1492 3485 1542 3533 q.
1568 3481 1655 3527 111,
1700 3483 1803 3532 cap.
1841 3482 1860 3515 1
1887 3504 1902 3528 ‚
1940 3477 1985 3517 et
2010 3465 2082 3520 De
2110 3464 2297 3523 Confir-

198 3547 353 3601 Patres
381 3567 571 3612 omnes,
595 3552 676 3617 q'ui
706 3563 1069 3603 commemorant
1092 3552 1204 3603 cha·
1288 3559 1400 3600 tom.
1431 3566 1450 3596 1
1468 3585 1484 3611 ,
1522 3548 1632 3598 diss.
1661 3559 1710 3601 iv
1730 3584 1746 3613 ,
1775 3557 1887 3600 sect.
1916 3566 1985 3610 11,
2025 3565 2126 3614 cap.
2170 3564 2216 3598 1.

282 3644 344 3704 Τ.
397 3645 462 3705 V.
1935 3642 2015 3699 22
