2540 4074
814 215 974 254 ram.
1020 218 1062 254 1.
1110 218 1179 256 ms
1220 219 1427 259 casus
1471 221 1731 259 Acrusu.
2269 202 2304 260 5

217 350 610 426 debilitatum,
626 351 739 411 nisi
755 352 932 414 relate
958 354 1032 414 ad
1055 374 1189 416 eum
1214 368 1428 417 statum
1450 359 1792 439 integritatis
1811 404 1827 435 7
1852 381 1922 418 ex
1942 379 2057 442 quo
2075 361 2308 436 excidit7

212 445 354 505 hinc
387 445 553 504 docet
578 446 822 506 Ecclesia
850 493 867 523 7
896 448 1195 511 hominem
1222 473 1388 533 posse
1418 453 1597 513 libere
1628 455 1921 534 cooperari
1946 456 2309 515 assentiendo

216 541 340 599 Deo
363 540 636 599 excitanti
661 552 834 622 atque
872 546 1099 603 vocanti
1122 567 1227 627 per
1250 547 1492 626 gratiam
1511 593 1528 619 7
1565 560 1737 628 atque
1764 547 1938 607 etiam
1964 548 2266 608 dissentire
2291 594 2308 624 7

213 633 260 692 si
295 632 437 693 velit
461 633 581 713 (l):
619 637 841 717 respuit
869 638 1111 717 proinde
1141 639 1462 713 doctrinam
1500 640 1572 700 de
1591 642 1768 720 gratia
1797 642 2196 702 necessitatem
2225 643 2311 701 in-

151 792 155 796 ,
212 724 459 789 ferente.
497 728 562 789 80
608 731 690 789 Ex
737 732 942 791 eodem
979 735 1262 816 principio
1299 735 1536 816 profluit
1590 736 1845 813 ejusdem
1901 737 2157 797 Ecclesiae
2206 738 2313 796 do—

152 866 167 880 .
215 822 401 881 ctrina
423 866 438 897 7
458 827 623 901 juxta
654 847 828 906 quam
851 827 1026 886 homo
1056 827 1250 910 lapsus
1283 850 1388 910 per
1408 828 1657 888 liberum
1684 828 1984 889 arbitrium
2007 876 2023 905 7
2049 854 2164 913 quo
2190 853 2313 890 non

213 914 325 974 fuit
349 915 659 978 destitutus
682 965 697 994 7
738 933 928 1001 potest
959 921 1191 1002 aliquod
1233 923 1452 982 morale
1486 922 1709 982 bonum
1750 923 1899 983 velle
1942 923 1999 983 et
2040 925 2261 985 efficere
2288 971 2305 998 7

214 1031 279 1069 ac
307 1015 478 1093 opera
509 1014 806 1074 moraliter
835 1015 1078 1075 honesta
1099 1062 1115 1092 7
1143 1038 1242 1076 seu
1271 1007 1394 1077 sine
1415 1019 1591 1098 gratia
1615 1028 1843 1099 peracta
1864 1060 1885 1090 ,
1920 1041 2039 1077 non
2070 1041 2191 1078 esse
2220 1031 2313 1078 to-

213 1103 397 1165 tidem
421 1120 651 1188 peccata
683 1109 791 1189 (2).
827 1110 895 1168 90
932 1112 1110 1169 Docet
1134 1122 1331 1170 tamen
1359 1156 1375 1185 7
1410 1111 1470 1169 in
1503 1111 1693 1170 arduis
1722 1114 2018 1194 praeceptis
2036 1156 2057 1185 ,
2095 1125 2154 1171 et
2183 1134 2313 1172 cum

213 1199 481 1279 gravibus
507 1215 744 1281 urgetur
782 1203 1199 1262 tentationibus
1220 1249 1235 1277 7
1269 1204 1569 1263 hominem
1603 1205 1830 1286 lapsum
1859 1208 2036 1285 gratia
2070 1207 2308 1266 medici-

212 1293 332 1352 nali
362 1295 650 1376 indigere,
681 1297 803 1358 sive
833 1297 906 1356 ad
944 1297 1041 1357 illa
1072 1298 1446 1379 adimplenda
1476 1344 1492 1373 7
1522 1300 1643 1358 sive
1676 1299 1750 1358 ad
1781 1300 1883 1358 has
1919 1300 2271 1380 superandas
2293 1347 2309 1375 7

212 1400 389 1469 prout
438 1390 648 1450 auxilio
705 1390 899 1473 aliquo
924 1437 941 1467 7
989 1392 1120 1451 licet
1161 1393 1436 1451 naturalis
1488 1392 1733 1466 ordinis7
1772 1395 1986 1475 pariter
2028 1394 2312 1473 indiguis-

212 1492 301 1542 set
320 1529 336 1558 7
363 1484 410 1542 si
436 1486 586 1544 Deus
614 1484 837 1544 homini
864 1508 895 1544 a
931 1507 990 1545 se
1019 1486 1251 1545 condito
1276 1499 1473 1567 neque*
1494 1486 1790 1564 adJecisset
1819 1486 2038 1546 donum
2070 1489 2312 1566 integri-

213 1578 348 1636 tatis
379 1624 395 1651 7
450 1601 640 1660 neque
682 1601 815 1639 eum
873 1580 1152 1640 elevasset
1205 1581 1282 1639 ad
1337 1580 1604 1639 ordinem
1654 1580 2152 1662 supernaturalem
2201 1581 2309 1658 (3).

218 1672 322 1730 100
346 1674 595 1732 Deinum
612 1719 626 1748 7
646 1674 1062 1733 cum·Christus
1096 1676 1448 1735 universum
1476 1674 1797 1733 humanum
1822 1697 1998 1755 genus
2030 1675 2315 1733 instaura*-

213 1767 365 1827 verit
393 1788 492 1825 seu
517 1769 874 1847 reparaverit
891 1813 907 1841 7
938 1771 1091 1826 Deus
1116 1790 1255 1828 vero
1274 1814 1289 1842 7
1321 1770 1496 1827 etiam
1513 1770 1807 1849 supposita
1842 1768 2101 1849 originali
2126 1790 2276 1827 noxa
2296 1812 2314 1843 7

213 1880 414 1918 omnes
451 1859 718 1918 homines
744 1860 931 1921 salvos
959 1861 1082 1918 fieri
1117 1860 1398 1933 voluerit,
1436 1861 1632 1918 fideles
1662 1864 1984 1941 praesertim
2007 1883 2070 1920 ac
2096 1863 2313 1939 justifi-

211 1964 368 2030 catos
392 1998 407 2028 7
432 1952 601 2013 docet
630 1954 873 2013 Ecclesia
902 2000 917 2029 7
949 1957 1136 2012 Deum
1156 1976 1264 2036 pro
1289 1955 1723 2035 opportunitate
1771 1955 1978 2013 auxilia
2001 1956 2315 2015 necessaria

212 2047 482 2130 omnibus
502 2049 762 2109 conferre
779 2095 795 2123 7
820 2050 1139 2131 praesertim
1165 2048 1431 2107 fidelibus
1452 2070 1513 2107 ac
1534 2048 1704 2126 justis
1729 2094 1743 2123 7
1777 2048 1850 2107 ad
1865 2071 1929 2107 ea
1955 2048 2278 2130 praestanda
2296 2093 2316 2125 7

211 2163 337 2225 quae
373 2144 621 2225 propriis
657 2142 876 2205 viribus
908 2155 1180 2225 praestare
1218 2165 1340 2202 non
1381 2154 1618 2224 possent
1658 2142 1767 2224 (4).

300 2237 399 2297 10.
446 2239 516 2297 Et
553 2238 674 2299 haec
703 2239 840 2296 satis
868 2237 928 2296 in
969 2238 1275 2319 praesentia
1301 2238 1416 2296 sint
1456 2236 1644 2318 quoad
1669 2238 1968 2318 utriusque
1992 2237 2313 2317 systematis

210 2330 461 2392 haeretici
500 2354 565 2392 ac
607 2333 883 2392 doctrinae
923 2333 1215 2392 catholicae
1257 2333 1712 2413 expositionemg
1746 2343 1931 2391 cetera
1958 2334 2152 2404 enim,
2180 2352 2310 2412 quae

211 2449 282 2488 ex
311 2428 588 2510 oppositis
615 2430 912 2509 utriusque
932 2428 1189 2488 adversae
1217 2427 1492 2486 doctrinae
1519 2427 1820 2508 principiis
1850 2436 2307 2508 consequuntur7

213 2523 336 2600 sive
358 2524 474 2582 sint
514 2545 733 2583 errores
764 2525 885 2584 sive
918 2523 1217 2596 veritates7
1243 2543 1546 2603 pergemus
1584 2520 1893 2602 explanare
1918 2566 1933 2594 7
1961 2520 2059 2578 ubi
2091 2521 2200 2579 erit
2223 2519 2312 2577 lo-

215 2631 313 2676 cus
335 2662 352 2693 7
382 2639 513 2677 cum
542 2617 758 2677 scilicet
776 2617 849 2677 de
870 2617 1276 2696 justificatione
1301 2638 1364 2675 ac
1388 2616 1596 2676 merito
1619 2636 1873 2694 agemus7
1901 2613 2111 2674 deinde
2137 2615 2312 2673 etiam

215 2725 348 2771 cum
371 2711 443 2773 de
470 2713 871 2772 Sacramentis.

235 2854 239 2857 .
301 2807 396 2866 11.
444 2809 669 2868 Interea
705 2802 776 2868 ei(
821 2807 1034 2890 duplici
1063 2815 1402 2887 conspectu7
1445 2826 1619 2886 quem
1657 2802 1913 2864 breviter
1955 2823 2020 2861 ac
2055 2822 2313 2860 summa-

215 2898 323 2958 tim
350 2903 751 2984 exposuimus7
790 2913 916 2961 tum
951 2922 1210 2960 errorum
1233 2946 1248 2974 7
1283 2899 1346 2958 in
1386 2920 1527 2980 quos
1555 2899 1806 2958 haeretici
1834 2897 2088 2978 prolapsi
2123 2906 2261 2953 sunt
2292 2941 2309 2971 7

214 3003 343 3052 tum
369 2997 682 3057 veritatum
720 2997 1132 3058 catholicarum
1161 3041 1176 3070 7
1207 3016 1348 3076 quas
1373 3006 1535 3053 tenet
1561 2993 1803 3052 Ecclesia
1823 3037 1839 3066 7
1874 3013 2006 3050 cum
2033 2995 2309 3070 cujusque

215 3084 431 3169 origine
453 3135 470 3166 7
500 3112 655 3151 nexu
682 3114 747 3152 ac
775 3090 1160 3174 dependentia
1182 3135 1199 3165 7
1238 3099 1398 3170 patet
1426 3133 1441 3163 7
1479 3087 1775 3169 quodnam
1810 3107 2021 3144 munus
2050 3095 2316 3144 nostrum

283 3281 349 3347 (l)
387 3282 490 3330 Huc
503 3283 763 3333 referuntur
778 3300 936 3333 can.1v
951 3293 1035 3332 etv
1049 3298 1158 3331 sess.
1177 3297 1221 3330 v1
1304 3290 1348 3328 et
1364 3296 1527 3344 propp.
1546 3278 1774 3326 damnatis
1787 3279 1836 3324 in
1852 3276 1959 3341 Bajo
1976 3285 2018 3324 et
2039 3273 2284 3340 Quesnello
2298 3310 2311 3334 7

211 3362 396 3412 Concil.
430 3363 560 3412 Trid.
591 3382 644 3413 ac
673 3369 1007 3430 propositiones
1038 3367 1089 3412 in
1110 3359 1222 3429 Baio
1302 3378 1417 3427 quas
1439 3378 1522 3408 suo
1546 3360 1647 3408 loco
1673 3359 1974 3407 adducemus.

217 3455 264 3494 et
294 3444 537 3511 Quesnello
560 3449 821 3512 proscriptae
843 3485 856 3507 7
891 3464 1005 3513 quas
1033 3446 1221 3494 inferius
1371 3441 1436 3505 (3)
1472 3440 1570 3489 Cfr.
1610 3450 1738 3489 tract.
1775 3442 1856 3488 cit.
1884 3456 1937 3486 n.
1978 3435 2076 3486 338
2108 3444 2154 3485 et
2184 3451 2308 3501 seqq.

217 3526 448 3575 dabimus·
491 3525 590 3575 Cfr.
644 3528 817 3577 interea
857 3531 908 3576 in
965 3537 1094 3576 tract.
1141 3527 1220 3574 cit.
1374 3523 1448 3586 (h)
1483 3521 1582 3570 cfr.
1628 3537 1733 3588 quae
1781 3521 2042 3585 scripsimus
2086 3527 2200 3566 tom.
2243 3531 2312 3575 ιι,

213 3625 270 3657 n.
300 3605 403 3670 483
423 3619 470 3658 et
494 3624 625 3674 seqq.
771 3605 775 3608 ’
1309 3605 1462 3653 Tract.
1506 3602 1587 3651 De
1633 3600 1743 3650 Deo
1783 3603 1990 3668 ‘ejusque
2036 3597 2311 3658 attributis,

285 3689 352 3752 (2)
387 3689 453 3739 Ex
467 3708 568 3740 can.
587 3707 652 3740 vn
671 3727 683 3752 ‚
703 3707 809 3739 sess.
828 3691 907 3740 cit.
927 3690 1073 3739 Cone.
1094 3689 1225 3739 Trid.
1311 3705 1361 3735 n.
1394 3683 1499 3750 459
1520 3695 1563 3734 et
1588 3699 1714 3751 seqq.
