2430 4056
487 158 645 218 PAR-1⁸2
690 180 754 218 11.
801 177 921 216 cu.
967 177 1033 213 11.
1080 177 1148 213 nr.
1189 152 1630 215 msmxcuionn
1671 176 1833 215 nuru.
2078 156 2194 216 233

116 317 611 399 quemadmodum
661 337 826 391 causa
886 316 1176 376 meritoria
1229 316 1428 376 mortis
1481 315 1691 376 Christi
1743 317 1903 376 fuere
1960 328 2194 397 peccata

116 423 312 472 nostra
331 457 348 486 .,
376 413 455 473 ita
490 413 661 473 causa·
704 410 993 470 meritoria
1020 411 1438 489 justificationis
1481 410 1946 471 nostraeafuerint
1977 409 2189 470 Christi

86 533 90 536 ·
122 507 418 566 cruciatus,
917 509 920 513 ’

195 599 330 660 511.
374 599 503 678 Obj.
536 597 804 658 secunda.
851 600 911 657 1ο
941 599 1156 659 Pluries
1182 599 1472 680 Scriptura
1502 598 1668 657 docet
1687 645 1703 673 .,
1742 603 1928 677 justos
1954 621 2058 658 nos
2095 620 2193 658 re—

101 698 354 771 putari,
391 681 708 765 constitui,
747 695 1143 752 denominari.
1169 694 1237 751 20
1265 694 1375 766 Sic,
1422 695 1586 751 Rom.
1630 694 1741 766 IV,
1777 693 1813 750 5
1857 715 1869 750 :
1929 696 2200 753 Credenti

111 792 182 846 in
213 808 382 860 eum,
418 788 840 865 quijustzfi'eat
872 792 1132 866 impium
1148 828 1171 856 ,
1209 808 1533 853 nerum-run
1573 787 1718 863 fides
1757 791 1883 864 ejus
1912 789 2194 864 adjusti-

28 935 30 939 ,
112 884 304 946 {ianm
347 890 406 939 et
438 879 574 938 alibi
606 882 838 961 passim.
875 881 941 938 30
965 883 1211 938 Rursum
1243 879 1398 938 idem
1427 877 1730 959 Apostolus
1750 923 1766 952 ,
1803 878 1942 938 ibid.
1973 882 2052 954 V,
2093 882 2189 956 19,

110 972 306 1032 scribit
349 995 362 1031 :
416 975 538 1032 Per
577 980 767 1034 um'us
809 976 1190 1033 obeditio-nem
1217 978 1386 1051 justi
1403 994 1860 1031 consrirussu'ron
1889 976 2087 1031 multi.
2127 974 2191 1032 40

110 1067 290 1141 Item,
332 1066 577 1126 Jacobus
600 1069 662 1126 in
690 1067 939 1150 Epistola
978 1088 1078 1125 sua
1106 1067 1191 1141 Il,
1237 1067 1314 1125 23
1333 1112 1348 1141 a
1391 1088 1522 1125 cum
1557 1065 1845 1125 retulisset
1871 1065 2048 1126 verba
2077 1068 2192 1126 Ge-

106 1182 336 1220 neseos:
359 1164 940 1223 Credidc'tAhraham
959 1163 1102 1232 Dec,
1127 1172 1181 1219 et
1192 1171 1534 1240 reputatum
1555 1171 1636 1218 est
1661 1162 1758 1217 illi
1769 1161 2155 1229 adjustitiam
2167 1205 2190 1232 ,

107 1254 364 1314 subdidit
399 1278 411 1313 :
450 1258 538 1318 Ec
565 1262 798 1315 amicus
823 1259 941 1316 Dei
965 1257 1295 1335 appellatus
1328 1266 1425 1314 esc.
1461 1256 1603 1333 Ergo
1633 1275 1754 1312 non
1778 1275 1882 1334 per
1904 1254 2191 1314 inhaeren-

107 1359 230 1408 tem
260 1350 545 1428 justitiam
572 1350 836 1410 homines
869 1352 1014 1428 justi
1055 1361 1192 1408 sunt
1223 1375 1238 1423 ς
1283 1350 1384 1409 sed
1411 1349 1553 1408 tales
1582 1360 1930 1431 reputantur
1956 1371 2063 1431 per
2087 1371 2190 1411 ex-

107 1453 336 1503 ternam
372 1445 816 1526 imputationem
847 1465 910 1503 ac
934 1444 1485 1503 denominationem.

189 1538 323 1596 512.
368 1540 539 1621 Resp.
577 1540 651 1598 ad
690 1540 769 1599 1¹1¹
795 1584 811 1612 ‚
856 1541 1012 1598 Dz'st.
1059 1539 1346 1619 Scriptura
1378 1538 1596 1619 pluries
1627 1536 1828 1612 docet,
1861 1542 2051 1615 justos
2086 1560 2189 1597 nos

106 1637 419 1711 reputari,
454 1644 564 1692 etc.
611 1634 743 1714 quia
776 1633 918 1692 tales
952 1633 1139 1714 reipsa
1173 1633 1452 1692 efficimur
1486 1632 1559 1691 ob
1603 1632 1983 1691 inhaerentem
2012 1634 2187 1710 justi-

104 1726 244 1784 tiam
263 1771 283 1801 5
320 1747 506 1800 conc.;
547 1726 671 1786 sine
698 1727 780 1786 rei
812 1727 1052 1788 veritate
1086 1772 1101 1801 ,
1147 1738 1204 1786 et
1244 1749 1348 1807 per
1379 1726 1558 1786 solam
1587 1728 1964 1786 extrinsecam
1988 1727 2187 1808 impu-

105 1820 416 1893 tationem,
447 1843 570 1900 neq.

185 1913 323 1971 513.
351 1913 438 1972 Ad
453 1915 564 1989 2¹1²,
583 1916 741 1974 Dz'st.
774 1916 950 1982 Fides
972 1927 1274 1996 reputatur
1302 1914 1693 1993 adjustitiam,
1729 1937 1884 1975 conc.
1906 1942 1920 1989 ς
1931 1921 2185 1996 justitia

112 2007 336 2065 Christi
357 2007 539 2088 „nobis
573 2019 875 2089 reputatur
917 2008 989 2067 ad
1018 2011 1304 2086 justitiam
1326 2055 1341 2084 ,
1374 2033 1500 2090 περ.
1544 2013 1675 2069 Haec
1717 2012 1874 2070 enim
1912 2011 2025 2069 duo
2060 2032 2187 2091 per-

99 2101 334 2162 misceri
356 2124 477 2160 non
505 2101 755 2175 debent3
781 2124 911 2161 cum
937 2102 1091 2161 aliud
1110 2126 1341 2183 prorsus
1364 2105 1460 2177 sit,
1486 2104 1660 2162 fidem
1682 2107 1936 2184 reputari
1970 2105 2043 2163 ad
2057 2109 2187 2182 jus-

111 2194 296 2252 titiam
318 2239 333 2268 ‚
367 2195 428 2253 id
452 2208 540 2254 est
564 2241 580 2271 ,
607 2199 791 2254 Deum
819 2198 1063 2275 gratuito
1080 2210 1370 2279 acceptare
1401 2210 1458 2257 et
1477 2210 1744 2279 reputare
1771 2211 2047 2279 tanquam
2077 2199 2187 2257 dis-

105 2290 450 2369 positionem
487 2290 768 2349 actualem
810 2291 884 2348 ad
920 2292 1200 2367 justitiam
1234 2292 1640 2351 conferendam
1678 2293 1803 2373 (l);
1842 2293 1998 2351 aliud
2048 2314 2183 2355 vero

97 2383 380 2460 justitiam
415 2384 624 2442 Christi
648 2383 813 2442 nobis
842 2383 1157 2443 formaliter
1184 2385 1458 2466 imputari
1492 2385 1564 2444 ad
1586 2387 1892 2463 justitiam.
1923 2387 2183 2444 Primum

106 2476 354 2535 affirmat
400 2478 742 2552 Apostolus3
787 2477 1035 2538 alterum
1064 2478 1135 2538 de
1169 2501 1270 2538 suo
1307 2479 1530 2538 addunt
1571 2500 1672 2539 seu
1710 2479 2031 2540 obtrudunt
2063 2482 2183 2540 No-

104 2582 345 2632 vatoreS.

172 2790 245 2853 (l)
279 2789 355 2838 Sic
385 2777 562 2840 enarrat
589 2791 726 2842 verba
754 2790 957 2857 Apostoli
989 2793 1098 2841 Ber·
1179 2795 1262 2858 qui
1278 2793 1467 2841 nullum
1495 2802 1672 2841 exercet
1702 2809 1819 2859 opas
1832 2828 1848 2853 ‚
1870 2793 1952 2841 sed
1968 2795 2052 2857 qui
2074 2802 2182 2841 tan-

105 2872 324 2920 nardinus
354 2890 378 2919 a
410 2871 597 2922 Piconio
627 2876 676 2921 in
695 2873 1027 2938 Paraphrasi,
1047 2891 1101 2922 ac
1180 2882 1281 2921 tum
1318 2874 1467 2922 eredit
1500 2877 1554 2922 in
1598 2891 1706 2921 eum
1726 2909 1740 2937 ‚
1790 2876 1878 2938 qui
1916 2882 2181 2938 peccatores

105 2970 289 3001 sensum
318 2954 453 3000 totius
472 2957 683 3002 orationis
701 2958 882 3020 exponit
909 2972 924 3003 ι
943 2955 1005 3004 V.
1036 2956 1064 3004 3
1083 2993 1097 3016 ,
1166 2955 1406 3021 justificat
1424 2991 1439 3016 ,
1462 2955 1604 3010 haic,
1634 2958 1831 3018 inquam
1850 2992 1863 3014 ‚
1893 2954 2079 3002 homini
2092 2990 2109 3016 ‚
2137 2956 2184 3002 si

24 3060 29 3063 ’
102 3031 333 3081 Declarat
353 3033 603 3099 Scriptura
624 3071 639 3098 ‚
666 3035 835 3083 Genes.
870 3034 926 3083 15
945 3073 959 3095 ,
991 3035 1100 3084 Cre·
1166 3038 1365 3102 justitia
1381 3035 1547 3096 detur,
1571 3035 1714 3082 datur
1725 3052 1822 3083 non
1843 3038 1984 3100 quasi
2009 3053 2182 3085 merces

102 3113 231 3160 didit
250 3113 496 3162 Abraham
522 3114 628 3163 Deo
644 3133 665 3176 ‚·
696 3124 739 3163 et
768 3116 865 3164 hoec
892 3116 1101 3165 Abrahce
1180 3117 1334 3164 debita
1351 3154 1364 3176 ,
1391 3115 1474 3163 sed
1493 3117 1651 3179 'qratIs
1684 3124 1728 3162 et
1751 3133 1809 3163 ex
1840 3119 2047 3180 qrataito
2082 3116 2184 3168 Dei

98 3194 218 3258 fides
248 3212 278 3242 a
314 3192 409 3243 Deo
429 3196 532 3260 suit
548 3195 625 3244 illi
645 3198 880 3262 imputata
910 3196 974 3245 ad
984 3199 1098 3263 jus·
1170 3198 1409 3263 proposito
1431 3233 1445 3256 ‚
1482 3198 1566 3244 cui
1601 3195 1761 3264 placet
1797 3197 1942 3263 hujus
1973 3197 2181 3246 hominis

102 3278 279 3324 titiam.
313 3277 374 3325 V.
416 3275 465 3340 4.
505 3276 657 3326 Juxta
698 3295 805 3343 quae
845 3278 985 3326 verba
1028 3280 1099 3327 sic
1170 3279 1318 3342 fidem
1355 3285 1595 3344 acceptare
1626 3277 1690 3325 ad
1711 3280 1963 3342 Justitiam
1993 3297 2008 3342 ;
2047 3283 2181 3345 atqui

19 3377 23 3382 ·
103 3359 360 3406 ratiocinor
375 3376 392 3404 .·
413 3357 599 3406 homini
611 3395 624 3418 ‚
648 3361 865 3426 qui'opus
883 3367 1064 3407 exercet
1081 3395 1094 3419 ‚
1177 3367 1356 3408 constat
1378 3375 1435 3406 ex
1447 3361 1559 3425 J’am
1584 3361 1731 3406 citata
1756 3360 2005 3426 Scriptura
2022 3399 2034 3421 ,
2057 3362 2182 3426 quod

101 3453 275 3487 merces
320 3439 619 3504 rependitur,
661 3456 760 3488 non
799 3442 979 3505 qratis,
1017 3440 1097 3488 sed
1162 3442 1362 3507 justitia
1385 3439 1594 3489 Abrahoe
1613 3441 1717 3505 fuit
1734 3441 1845 3489 data
1874 3425 1932 3490 ea}
1958 3442 2053 3490 solo
2077 3442 2181 3490 Dei

101 3518 365 3586 exjustitia
385 3555 400 3584 ‚
427 3529 472 3569 et
498 3529 723 3586 tanquam
751 3521 869 3586 quid
894 3523 941 3570 ei
965 3522 1093 3569 dehi-
1176 3523 1439 3587 reputantis
1454 3529 1579 3569 nuta
1591 3538 1612 3582 ,⁰
1643 3521 1728 3571 laec
1755 3524 1883 3571 enim
1902 3523 2175 3588 siqnificat:
2233 3587 2235 3590 Α

102 3594 220 3652 tuni.
245 3601 308 3653 V.
339 3599 370 3651 5
389 3640 404 3666 ,
440 3601 493 3652 Ε
526 3611 700 3656 contra,
721 3619 828 3653 vero
875 3602 1062 3654 homini
1077 3638 1094 3669 ,
1176 3612 1222 3653 et
1251 3611 1513 3669 reputatum
1526 3613 1623 3665 est3
1649 3619 1758 3669 erqo
1769 3605 1921 3670 gratis
1944 3603 2056 3653 data
2075 3612 2142 3652 ese
2156 3637 2173 3664 ,
