2540 4074
300 206 412 266 106

1047 221 1249 259 TRACT.
1286 221 1358 257 m:
1401 217 1623 257 GRATIA-

296 367 490 428 oculos
524 365 824 447 aperiant·
863 340 958 421 vel
997 359 1221 419 medico
1265 356 1685 418 liberalissimo
1705 356 1814 438 qui
1849 378 2052 419 omnes
2090 359 2253 441 prius
2287 382 2393 421 vo-

254 466 257 469 ’
297 464 483 523 lentes
508 480 702 519 curare
739 466 971 538 paratus
1011 465 1099 512 est
1127 454 1235 532 (1).

376 556 515 614 217.
565 552 628 610 30
677 548 888 609 Sedulo
926 544 1512 607 animadvertendum
1563 556 1655 604 est
1682 590 1698 620 7
1754 542 1859 604 hos
1907 547 2394 629 Semipelagianos

298 669 594 729 nunquam
612 645 839 718 dixisse7
870 641 1023 700 istud
1044 641 1277 699 initium
1297 686 1312 715 7
1335 637 1490 722 quod
1505 661 1575 698 ex
1600 638 1771 699 nobis
1805 651 1891 699 est
1911 687 1926 715 7
1954 654 2014 702 et
2034 644 2124 702 cui
2147 646 2394 724 gratiam

298 739 746 812 subnectebant,
792 758 912 796 esse
949 735 1311 794 meritorium
1353 736 1422 793 de
1468 736 1760 815 condiqno
1776 779 1797 807 ,
1838 736 1918 795 ita
1950 748 2016 796 ut
2051 738 2135 798 illi
2180 740 2392 799 merito

295 835 523 918 proprie
559 833 709 891 dicto
741 831 918 911 gratia
943 853 973 889 a
1011 833 1134 889 Deo
1156 829 1500 889 redderetur
1541 842 1821 911 tanquam
1863 829 2056 891 debita
2078 878 2094 908 7
2141 836 2277 916 quia
2317 835 2396 894 sic

297 930 710 988 destruxissent
741 927 937 1008 gratiae
959 926 1279 984 notionem.
1318 924 1430 984 Sed
1466 946 1658 1006 neque
1697 925 1760 982 in
1797 946 1867 984 eo
1892 927 2203 1003 errabant,
2239 929 2397 1010 quod

295 1025 585 1094 dicerent,
606 1023 843 1103 gratiam
871 1021 976 1079 Dei
999 1021 1316 1079 certissime
1354 1018 1524 1078 nobis
1548 1018 1960 1101 incipientibus
1993 1043 2115 1081 esse
2145 1024 2399 1102 promis-—

297 1141 436 1178 sam.
476 1123 542 1176 In
571 1118 678 1176 hoc
703 1117 855 1175 enim
897 1115 1099 1174 nullus
1128 1126 1215 1174 est
1252 1136 1449 1188 error,
1485 1113 1642 1195 quod
1682 1114 1838 1173 enim
1874 1136 1945 1174 ex
1976 1116 2223 1195 gratuita
2258 1138 2398 1198 pro-

297 1214 567 1271 missione
597 1212 766 1269 datur
789 1256 803 1284 7
845 1210 1162 1288 gratuitum
1187 1231 1418 1291 semper
1448 1210 1807 1270 censendum
1834 1221 1926 1270 est
1945 1257 1960 1285 7
1992 1231 2126 1270 cum
2148 1213 2399 1293 promit-

298 1320 453 1367 tatur
485 1320 541 1366 et
579 1307 746 1366 detur
795 1328 863 1365 ex
908 1329 1066 1366 mera
1112 1306 1477 1366 liberalitate.
1521 1308 1693 1365 Error
1741 1306 1913 1386 igitur
1949 1305 2185 1366 illorum
2222 1308 2285 1366 in
2329 1330 2397 1368 eo

296 1401 679 1474 consistebat,
707 1401 862 1483 quod
891 1402 1153 1460 dicerent
1173 1391 1435 1482 ,aliquid
1459 1400 1582 1459 dari
1610 1402 1837 1460 ratione·
1860 1401 2050 1459 meriti
2075 1402 2404 1483 praeceden-

296 1498 366 1554 tis
388 1542 403 1571 7
435 1498 541 1554 etsi
576 1495 1005 1576 exiguumillud
1030 1495 1290 1577 sit7'quia
1328 1517 1560 1576 semper
1589 1494 2010 1554 retribueretur
2029 1495 2140 1575 (Ξ).

375 1591 514 1648 218.
553 1592 617 1649 40
643 1592 784 1649 Cum
827 1589 1267 1670 Semipelagiani
1310 1590 1545 1649 nullum
1586 1590 1863 1647 meritum
1899 1591 2134 1671 proprie
2175 1590 2401 1649 dictum

298 1686 637 1765 agnoverint
664 1686 724 1743 in
761 1685 859 1744 illo
909 1686 1072 1743 initio
1101 1684 1268 1745 bonae
1305 1684 1621 1745 voluntatis
1645 1729 1661 1758 7
1696 1685 1758 1741 in
1784 1683 1896 1744 illis
1923 1683 2226 1743 conatibus
2246 1730 2261 1760 7
2296 1684 2402 1774 de7

298 1782 518 1839 sideriis
546 1826 561 1854 7
600 1793 705 1839 etc.
748 1781 848 1840 sed
895 1782 1084 1840 solum
1121 1783 1440 1864 improprie
1479 1781 1700 1840 dictum
1739 1793 1914 1862 atque
1937 1826 1953 1856 ,
1994 1794 2060 1839 ut
2096 1803 2202 1840 nos
2241 1803 2403 1844 voca-

299 1882 426 1934 mus
449 1922 464 1949 7
485 1878 552 1934 de
579 1898 835 1956 coieyruo
855 1923 870 1952 7
899 1876 1216 1936 censebant
1233 1922 1250 1953 ‚
1275 1899 1380 1959 per
1401 1877 1558 1935 istud
1589 1899 1708 1935 non
1737 1876 1858 1934 tolli
1887 1877 2185 1935 notionem
2210 1877 2402 1956 gratiae

299 1974 576 2050 gratuitae.
618 1973 765 2031 Hinc
802 1984 889 2031 est
923 1972 1081 2054 quod
1123 1995 1244 2031 non
1283 1971 1689 2031 dubitaverint
1732 1970 2027 2052 appellare
2063 1978 2259 2051 qrati‘s
2301 1993 2402 2030 vo-

367 2163 431 2226 <l)
468 2164 559 2212 Cfr.
577 2166 715 2232 Vasq.
742 2166 854 2214 ibid.
878 2184 926 2215 n.
950 2182 1013 2233 29
1033 2204 1044 2223 7
1076 2165 1155 2214 30.
1184 2165 1305 2214 Sane

302 2243 349 2292 S.
383 2246 598 2305 Hilarius,
631 2249 830 2296 scribens
849 2249 905 2296 ad
924 2248 970 2296 S.
991 2249 1304 2314 Augustinum

257 2335 263 2341 ⁴
302 2330 531 2391 speciatim
569 2330 624 2377 de
660 2331 729 2377 his
770 2330 1179 2396 semipelagianis,
1225 2334 1304 2396 qui

301 2409 471 2457 scilicet
518 2413 671 2459 minus
716 2412 929 2460 errabant
955 2450 967 2472 7
1013 2415 1075 2460 ita
1121 2416 1306 2476 exponit

302 2492 490 2538 istorum
512 2496 782 2541 sententiam
813 2510 826 2540 ε
858 2493 1076 2541 Ceterum
1104 2494 1168 2541 ad
1193 2493 1303 2540 nul-

303 2569 403 2616 lum
440 2588 583 2635 opus,
620 2573 693 2620 vel
724 2575 1088 2639 incipiendum,
1131 2561 1306 2623 nedum

297 2653 647 2716 perficiendum
661 2691 675 2716 7
697 2673 975 2720 quemquam
992 2657 1089 2704 sibi
1101 2658 1308 2722 sufficere

300 2749 437 2796 posse
462 2736 765 2787 consentiunt
780 2753 799 2795 ‚-
827 2753 975 2800 neque
1002 2740 1131 2785 enim
1157 2739 1309 2786 alicui

307 2816 441 2878 operi
476 2817 740 2863 curationis
780 2833 942 2864 eorum
982 2835 1308 2866 annumeran-

309 2895 424 2942 dum
445 2904 622 2960 putant
637 2933 652 2957 ,
684 2900 908 2946 exterrita
938 2907 983 2946 et
1006 2899 1212 2965 supplici
1228 2917 1310 2948 vo-

311 2974 489 3023 luntate
522 2994 904 3044 unumquemque
945 2990 1170 3044 oeqrotum
1201 2982 1312 3029 velle

312 3059 498 3106 sanari„
533 3059 674 3123 Quod
700 3063 830 3108 enim
862 3061 1045 3109 dicitur
1072 3082 1087 3108 .-
1120 3062 1254 3110 crede
1271 3071 1314 3110 et

315 3135 472 3183 salvus
499 3140 593 3185 eris
612 3177 624 3198 7
653 3149 804 3190 unum
837 3142 1006 3191 horum
1033 3146 1164 3209 exiqi
1188 3161 1314 3192 asse-

317 3226 450 3274 runt,
479 3218 615 3266 aliud
634 3223 793 3286 offerri
803 3242 822 3283 ,·
845 3235 896 3271 ut
909 3234 1105 3291 propter
1124 3226 1178 3274 id
1194 3226 1317 3290 quod

317 3299 526 3361 exiqitur
551 3339 563 3359 ,
581 3303 626 3348 si
654 3303 888 3351 redditum
909 3307 1062 3370 fucrit
1082 3345 1094 3368 7
1123 3308 1178 3356 id
1195 3308 1320 3372 quod

317 3381 510 3446 offertur
574 3381 792 3449 deinceps
848 3388 1108 3437 tribuatur.
1177 3389 1320 3439 Unde

318 3476 597 3525 consequens
620 3474 828 3529 putant,
850 3468 1161 3517 exhibendam
1193 3472 1255 3519 ab
1270 3489 1320 3520 eo

313 3541 456 3604 fidem
467 3576 485 3602 ,
504 3546 643 3609 cujus
663 3556 848 3594 naturoe
871 3550 924 3595 id
942 3550 1177 3599 voluntate
1193 3552 1319 3600 Con·

261 3625 266 3631 '
320 3623 487 3670 ditoris
515 3641 782 3674 concessam
813 3637 913 3686 est,·
953 3639 995 3677 et
1027 3631 1211 3680 nullam
1252 3635 1323 3681 ita

321 3703 622 3769 depravatam
676 3707 747 3755 vel
802 3712 1059 3758 eminatam
1111 3723 1290 3778 putant
1307 3751 1322 3777 7

1390 2174 1557 2212 utnon
1575 2164 1739 2212 debeat
1761 2163 1833 2212 vel
1834 2165 1990 2230 possit
2014 2181 2062 2212 se
2086 2163 2200 2212 velle
2213 2165 2400 2211 sanari.

1393 2246 1541 2310 (Inter
1562 2263 1666 2309 opp.
1698 2245 1751 2295 S.
1777 2246 1894 2310 Aug.
1926 2255 2031 2294 ante
2062 2246 2149 2294 lib.
2179 2244 2402 2310 Deproe·

1391 2327 1508 2375 dest.
1544 2326 1676 2391 SS.)

1460 2409 1520 2471 (Ξ)
1560 2409 1657 2457 Cfr.
1704 2407 1845 2474 Vasq.
1886 2408 2006 2457 ibid.
2052 2426 2103 2456 n.
2148 2406 2233 2456 32.

1391 2490 1632 2539 Cassianus
1646 2528 1659 2548 7
1680 2489 1760 2537 De
1772 2490 1938 2538 Instit.
1952 2488 2202 2538 coenobior.
2220 2488 2301 2538 lib.
2317 2506 2401 2549 ιιι,

1391 2591 1494 2638 cap.
1539 2570 1597 2634 14
1619 2610 1632 2632 ,
1666 2572 1823 2620 scribit
1852 2588 1866 2619 τ
1899 2571 2131 2619 Dicimus
2148 2571 2278 2618 enim
2297 2607 2310 2630 ,
2331 2586 2405 2617 se-

1390 2655 1609 2703 cundum
1654 2653 1924 2702 Salvatoris
1967 2655 2254 2700 sententiam
2294 2651 2407 2700 dari

1391 2737 1583 2803 quidem
1602 2736 1876 2803 petentibus
1895 2772 1908 2795 ‚
1940 2744 1985 2783 et
2002 2733 2406 2801 aperiripulsan-

1393 2820 1551 2881 tibus,
1579 2827 1627 2867 et
1647 2836 1678 2866 a
1707 2815 2030 2883 quoerentibus
2054 2818 2274 2866 inveniri
2292 2820 2308 2880 ς’
2327 2815 2411 2863 sed

1388 2903 1697 2967 petitionem,
1735 2909 1780 2948 et
1804 2900 2192 2964 inquisitionem,
2227 2905 2272 2946 et
2292 2897 2409 2964 pul·

1395 2985 1627 3032 sationem
1641 2990 1854 3030 nostram
1870 2998 1969 3029 non
1983 2998 2080 3029 esse
2096 2980 2406 3044 condiqnam‚

1396 3067 1500 3113 nisi
1517 3053 1848 3113 misericordia
1868 3063 1969 3111 Dei
1985 3063 2039 3111 iol
2058 3063 2184 3128 quod
2199 3064 2414 3128 petimus

1399 3146 1610 3206 dederit,
1636 3145 1712 3195 vel
1725 3147 1968 3211 aperuerit
1983 3145 2110 3210 quod
2126 3145 2409 3211 pulsamus,

1400 3227 1474 3275 vel
1511 3227 1634 3276 illud
1675 3226 1802 3292 quod
1836 3229 2102 3292 quoerimus
2132 3226 2302 3291 fecerit
2334 3228 2414 3273 in-

1401 3311 1580 3357 veniri.
1609 3310 1798 3358 Praesto
1825 3317 1892 3356 est
1909 3325 2115 3373 namque
2132 3344 2149 3370 ,
2173 3309 2419 3357 occasione

1403 3391 1502 3439 sibi
1528 3390 1856 3438 tantummodo
1878 3407 1907 3438 a
1931 3391 2070 3439 nobis
2090 3390 2225 3439 bonoe
2252 3389 2421 3438 colun-

1404 3473 1516 3521 tatis
1536 3472 1692 3520 oblata
1708 3511 1720 3532 ‚
1736 3472 1802 3520 ad
1815 3471 1916 3522 hoec
1931 3459 2097 3521 omnia
2113 3470 2422 3537 conferenda,

1406 3553 1502 3602 Cfr.
1533 3557 1585 3601 in
1612 3555 1738 3602 hunc
1764 3555 1852 3604 loc.
1896 3565 2006 3603 nota
2038 3554 2197 3630 Aiardi
2233 3553 2383 3601 Gazaei
2406 3588 2420 3612 ,

1407 3635 1515 3683 edit.
1548 3637 1626 3683 eit.

2281 2406 2404 2455 Hinc
2485 2419 2488 2424 '
