2430 4056
2128 197 2238 256 187

508 222 665 260 PART.
711 223 750 257 1.
798 218 923 257 GAP.
967 217 1027 256 V.
1075 218 1143 253 lm
1185 217 1402 254 GRATIAE
1442 216 1888 254 DISTRIBUTIONE.

159 384 358 445 preces
388 361 464 421 ad
495 364 681 422 Deum
705 356 972 417 fundant.
1006 358 1150 436 Ergo
1184 377 1291 438 pro
1333 367 1488 416 certo
1517 355 1694 416 habet
1734 355 1976 417 Ecclesia
2004 401 2021 432 ‚
2060 359 2247 418 nemi·

157 480 296 517 nem
317 503 332 532 a
369 451 647 538 quamdiu
673 455 734 511 in
765 452 911 513 vivis
937 464 1023 511 est
1052 479 1068 526 5
1095 452 1272 510 omni
1297 473 1529 532 prorsus
1566 453 1747 533 gratia
1782 452 2016 511 destitui
2042 477 2058 525 ς
2101 452 2244 512 alio-

160 552 299 633 quin
322 549 559 610 ridicula
587 558 645 607 et
667 546 914 606 absurda
943 557 1091 605 esset
1113 545 1395 623 ejusmodi
1419 545 1760 606 sollicitudo,
1789 547 1954 620 Quod
1971 547 2018 606 si
2038 550 2242 629 quovis

159 642 421 728 tempore
438 642 750 721 abjicienda
783 640 985 722 procul
1001 639 1108 698 fuit
1130 640 1275 699 dura
1305 641 1584 718 ejusmodi
1606 642 1895 702 sentiendi
1913 643 2058 701 ratio
2077 688 2092 718 ,
2119 642 2244 702 luc—

155 751 318 799 tuosa
363 738 470 796 hac
513 749 711 795 nostra
747 748 915 795 aetate
963 734 1285 794 cavendum
1327 737 1575 794 maxime
1610 735 1682 793 ab
1717 757 1781 795 ea
1823 747 1910 796 est
1934 781 1950 812 ‚
1989 759 2100 818 qua
2158 747 2246 796 tot

157 833 442 893 cernimus
467 833 528 890 in
566 853 738 891 omne
769 831 989 890 malum
1018 839 1076 888 et
1103 829 1565 888 incredulitatem
1599 831 1931 912 prolapsosg
1960 833 2246 913 siquidem

153 926 229 987 de
247 926 334 985 his
352 925 619 985 omnibus
648 939 839 986 actum
856 935 1026 997 esset„
1044 944 1358 1003 omnesque
1380 935 1444 980 ut
1459 924 1714 1004 reprobi,
1734 947 1840 1006 pro
1860 925 2068 1006 quibus
2084 927 2245 986 nulla

152 1043 286 1102 spes
330 1034 623 1103 superest,
651 1019 1017 1102 relinquendi
1057 1028 1268 1076 essent.
1298 1018 1435 1090 Quis
1463 1018 1890 1078 Catholicorum
1915 1014 2023 1079 lioc
2054 1021 2248 1081 ferat?

151 1117 308 1176 Talia
347 1138 511 1175 sensa
547 1119 842 1198 concipere
871 1113 1120 1196 potuisse
1151 1112 1506 1170 Jansenistas
1529 1158 1544 1187 ,
1582 1114 1678 1193 qui
1709 1125 1779 1171 ut
1809 1114 1945 1172 alias
1989 1115 2247 1174 animad-

152 1213 433 1273 vertimus
463 1255 484 1283 ,
515 1234 636 1270 non
670 1222 807 1270 sunt
840 1209 949 1268 nisi
988 1207 1182 1265 deistae
1212 1206 1420 1266 larvati
1442 1253 1457 1281 7
1496 1209 1709 1266 mirum
1743 1232 1863 1267 non
1894 1222 2013 1283 est3
2039 1232 2245 1270 verum

151 1306 307 1387 quod
346 1310 422 1365 ita
461 1307 712 1366 sentiant
745 1302 1006 1363 catholici
1041 1300 1341 1380 Theologi,
1379 1302 1840 1381 indignationem
1869 1317 1927 1363 et
1953 1306 2241 1386 impetum

149 1413 384 1475 movet„
417 1422 481 1459 ac
515 1398 823 1459 incredulis
848 1396 1184 1476 religionem
1216 1394 1588 1455 christianam
1623 1400 1870 1460 invisam
1901 1400 2091 1459 reddit
2135 1402 2242 1480 (1).

220 1550 289 1614 (l)
325 1548 539 1614 Apposite
557 1549 625 1597 Cl.
643 1549 856 1615 Manzoni
872 1584 885 1605 ‚
903 1545 1037 1595 Sulla
1054 1562 1155 1592 mo-

157 1630 258 1678 rale
293 1630 508 1679 c'attolica
522 1666 537 1689 ,
579 1631 724 1679 Roma
773 1626 918 1688 1826,
955 1646 1056 1692 cap.
1091 1644 1124 1692 9
1142 1664 1154 1686 ‚

156 1712 443 1760 Sulritardo
468 1712 587 1760 della
601 1713 899 1760 conversione
918 1726 931 1758 ε
959 1710 1020 1757 Cz·
1036 1710 1155 1756 s'in—

155 1796 288 1858 seqni
304 1831 317 1853 ‚
337 1797 515 1859 inquit,
535 1802 695 1858 questa
724 1793 933 1840 dottrina
953 1792 967 1854 (
983 1792 1040 1838 de
1062 1794 1154 1839 im-

156 1878 355 1939 potentia
383 1875 702 1935 conversionis)
725 1913 737 1932 ,
772 1892 795 1921 e
825 1876 867 1920 si
895 1874 1003 1922 dica
1023 1872 1154 1937 quali

157 1972 216 2002 ne
242 1972 452 2003 saranno
475 1955 515 2002 Ie
544 1972 857 2019 consequenze
877 1953 1158 2020 applieabili

156 2036 250 2083 alla
279 2037 492 2084 condona
511 2036 700 2084 morale.
720 2035 915 2083 L’uomo
940 2053 1038 2083 non
1053 2037 1153 2100 pub

99 2153 104 2156 «
155 2120 438 2166 converte'rsi
452 2135 482 2166 a
499 2118 600 2165 Dio
624 2156 635 2176 ‚
651 2118 843 2182 dunque
856 2117 906 2164 al
908 2125 1155 2183 peccatore

155 2216 252 2247 non
281 2202 469 2247 rimane
483 2199 565 2247 elce
589 2199 634 2247 Ia
651 2199 980 2265 dt‘sperazione
1005 2220 1016 2250 :
1036 2212 1153 2251 stato

156 2280 509 2346 incompatibile
527 2298 614 2328 con
632 2285 746 2345 eqni
766 2285 1152 2349 sentimentopio,

157 2380 363 2422 umano,
398 2345 662 2427 d·t'9nitoso,·
701 2373 819 2410 stato
851 2364 1068 2425 orribile,
1099 2367 1154 2411 in

153 2446 236 2491 eui
264 2443 436 2492 l’uomo
453 2482 467 2505 ,
497 2462 544 2492 se
565 2454 746 2510 potesse
768 2445 970 2498 duraret*
1003 2447 1060 2493 ed
1090 2463 1153 2492 es·

153 2543 229 2573 ser
249 2526 500 2595 tranquillo
521 2565 533 2587 ,
552 2544 650 2574 non
656 2528 875 2592 potrebbe
884 2528 1015 2591 farsi
1031 2528 1153 2576 altra

157 2605 280 2672 leqye
307 2608 390 2655 che
405 2611 687 2674 procurarsi
712 2609 856 2674 ilpiz'c
883 2609 936 2655 di
941 2612 1148 2674 proceri,

149 2688 224 2752 fin
251 2688 334 2736 che
354 2692 479 2755 pud,
506 2708 535 2738 a
556 2690 824 2756 qualemque
838 2698 978 2740 costo.
1004 2691 1153 2740 L’uo-

155 2787 230 2817 mo
247 2772 449 2835 nonpao
462 2775 742 2821 convertirsi
754 2791 782 2820 a
803 2774 905 2821 Dio
929 2791 942 2822 ε
959 2773 1150 2838 dunque

154 2867 253 2898 non
275 2853 371 2917 pia
388 2857 681 2917 pentimento
699 2892 715 2916 ,
743 2872 840 2902 non
862 2857 959 2921 pin
993 2865 1148 2903 mma·

131 2950 134 2952 ·
155 2935 294 2981 sione
310 2933 364 2981 di
384 2936 483 2982 vita
501 2973 514 2993 ‚
543 2953 642 2984 non
665 2939 760 3002 piv'c
777 2938 1032 3002 preqhiera
1054 2977 1066 2998 ‚
1093 2941 1153 2987 ne

157 3029 390 3078 speranza
411 3051 426 3075 ,
447 3018 507 3063 ne
524 3018 803 3071 redenzione
820 3056 834 3079 ,
852 3021 911 3067 ne
927 3022 1119 3086 vanqelo
1135 3060 1148 3080 ‚

156 3094 346 3159 dunque
377 3097 416 3143 il
437 3097 540 3145 dire
563 3099 628 3145 acl
652 3117 722 3147 un
736 3112 977 3165 peccatore
1003 3104 1058 3150 di
1076 3105 1151 3150 di-

92 3210 95 3213 ·
155 3185 319 3223 ventar
348 3177 501 3226 buono
519 3196 611 3244 per
644 3183 808 3228 motivi
842 3193 1151 3247 soprannatu·

156 3256 282 3316 reli,
318 3258 505 3307 sarebbe
525 3261 677 3326 sarqli
704 3279 802 3310 una
816 3267 1152 3330 proposizione

160 3339 378 3387 assurda.
396 3339 597 3397 L'uomo
617 3360 712 3391 non
729 3345 753 3391 ἑ
775 3346 1018 3408 qiudicato
1034 3346 1152 3394 nello

155 3427 273 3467 stato
292 3422 346 3468 in
371 3423 457 3469 cui
477 3425 523 3470 si
535 3432 664 3472 trova
682 3424 896 3489 all'uscir
911 3427 973 3474 da
992 3438 1152 3492 questa

155 3504 256 3550 vita
281 3521 294 3551 :
321 3503 511 3568 dunque
533 3504 630 3554 non
652 3505 701 3555 ν’
717 3509 742 3560 ὲ
760 3493 877 3579 stato
902 3509 956 3556 di
972 3512 1150 3578 giusti-

154 3585 238 3630 zia
254 3601 279 3631 e
303 3585 637 3649 d’inqiustizia
655 3606 668 3637 ε
677 3589 852 3655 poiche
865 3590 945 3639 che
965 3591 1154 3649 sarebbe

1239 1544 1581 1595 nell'amicizia
1597 1548 1652 1595 di
1666 1547 1790 1597 Dio!9
1808 1568 1831 1598 e
1846 1550 1927 1598 che
1943 1551 2131 1598 sarebbe
2147 1568 2248 1599 una

1240 1630 1471 1676 amicizia
1496 1629 1550 1677 di
1582 1627 1674 1678 Dio
1703 1632 1786 1680 ohe
1831 1632 2051 1693 lasciasse
2078 1632 2248 1680 l’uomo

1240 1709 1363 1757 nella
1377 1728 1507 1776 pena
1536 1721 1694 1762 eterna
1710 1715 1743 1761 ,Ρ
1773 1714 1986 1779 Dunque
2012 1731 2108 1762 non
2134 1716 2246 1761 sard

1240 1809 1345 1840 vero
1369 1793 1451 1840 che
1476 1796 1522 1841 vi
1551 1797 1682 1844 siene
1703 1799 1862 1862 premj
1896 1814 1920 1843 e
1941 1813 2064 1861 pene
2090 1814 2181 1861 per
2206 1797 2247 1843 le

1238 1876 1408 1921 azioni
1437 1875 1492 1922 di
1518 1886 1678 1939 questa
1704 1880 1804 1926 vita
1825 1913 1838 1936 ,
1863 1878 2035 1942 perche
2069 1895 2166 1925 non
2204 1880 2247 1924 si

1239 1971 1447 2021 suppone
1477 1959 1531 2003 in
1572 1966 1732 2020 questa
1773 1961 1872 2005 vita
1907 1976 2002 2005 uno
2033 1967 2151 2007 stato
2188 1961 2245 2004 in

1238 2037 1320 2082 cui
1340 2034 1506 2084 l’uomo
1516 2056 1659 2103 possa
1695 2056 1818 2086 esser
1842 2040 1989 2104 d'eqno
2015 2040 2140 2104 deqlz'
2158 2041 2251 2086 uni

1238 2134 1261 2163 e
1277 2117 1390 2166 delle
1412 2119 1527 2166 altre
1549 2137 1560 2167 ε
1588 2120 1778 2184 dunque
1807 2137 1905 2167 non
1933 2124 1985 2168 vi
2003 2122 2115 2168 sard
2139 2139 2245 2168 uvea

1238 2202 1433 2263 raqione
1450 2212 1574 2248 certa
1589 2220 1611 2249 e
1615 2203 1994 2267 preponderante
2011 2204 2065 2250 di
2078 2221 2248 2268 operar

1236 2280 1351 2328 hene
1387 2285 1442 2329 in
1488 2285 1599 2329 tutti
1641 2286 1662 2330 i
1695 2286 1923 2331 momenti
1962 2285 2083 2331 della
2124 2288 2243 2333 vita.

1248 2363 1422 2427 Queste
1437 2363 1494 2410 ed
1509 2363 1626 2411 altre
1649 2365 1805 2414 simili
1819 2366 2057 2413 sarebbero
2072 2365 2113 2413 Ie
2134 2382 2246 2412 con-

1237 2460 1462 2506 sequenze
1515 2445 1569 2491 di
1622 2463 1720 2493 una
1774 2446 1862 2493 tale
1913 2447 2242 2498 dottrina....

1236 2521 1367 2572 Sotto
1410 2526 1449 2572 il
1487 2529 1661 2590 ‘reqime
1703 2527 1822 2574 della
1857 2527 2066 2575 doctrina
2099 2536 2247 2574 catto-

1238 2605 1328 2654 lt’ca
1362 2607 1386 2653 ὲ
1417 2607 1462 2654 la
1488 2611 1714 2672 passione
1742 2609 1824 2656 ohe
1847 2609 2054 2656 concluse
2076 2608 2244 2657 l'uomo

1235 2687 1285 2735 al
1294 2691 1604 2737 traviamento
1619 2711 1637 2747 ,·
1655 2692 1708 2737 in
1726 2700 1885 2754 questa
1903 2700 2124 2756 supposta
2143 2691 2246 2738 dot-

1236 2771 1363 2817 trina
1387 2770 1481 2835 piz‘c
1512 2771 1681 2819 l'uomo
1703 2772 1891 2820 sarebbe
1912 2773 2210 2835 raqionatore
2227 2810 2240 2832 ‚

1229 2854 1322 2918 piis
1337 2853 1558 2900 dovrebbe
1568 2857 1865 2920 pervertirsi.
1883 2853 2021 2902 Nella
2036 2853 2244 2901 dotcrina

1236 2934 1450 2984 cattolica
1477 2935 1515 2981 il
1543 2953 1703 2985 mezzo
1739 2937 1792 2983 di
1799 2937 2051 3001 prevenire
2073 2934 2113 2982 le
2135 2951 2243 2982 con-

1235 3034 1464 3082 sequenze
1486 3017 1723 3065 immorali
1750 3019 1774 3064 ὲ
1798 3017 1849 3064 ἀί
1875 3017 2158 3066 richiamare
2176 3015 2247 3080 9Ιὶ

1236 3099 1421 3145 nomini
1443 3098 1537 3145 alla
1565 3099 1774 3145 doctrina
1799 3117 1812 3146 :
1847 3101 1929 3163 qui
1959 3101 1982 3145 ὲ
2001 3098 2126 3146 nella
2141 3099 2244 3145 dot-

1237 3183 1364 3230 trina
1403 3181 1486 3228 che
1522 3181 1728 3229 starebbe
1763 3181 2104 3229 l'immoralitd.
2150 3181 2242 3229 Ma

1235 3279 1337 3310 una
1366 3262 1434 3310 tal
1466 3262 1671 3310 dotcrina
1702 3263 1726 3310 ὸ
1756 3264 1855 3312 cosi
1886 3263 2127 3310 contraria
2154 3259 2245 3309 alle

1235 3344 1430 3391 nozz'oni
1450 3343 1570 3391 della
1586 3346 1780 3410 raqione
1815 3363 1839 3394 e
1863 3345 1928 3399 ad
1963 3346 2074 3408 eqni
2096 3345 2242 3391 senti-

1236 3434 1390 3473 mento
1417 3424 1630 3489 religioso
1650 3461 1664 3487 ‚
1690 3426 1771 3474 che
1797 3443 1894 3475 non
1920 3445 1943 3473 e
1973 3433 2096 3473 stata
2125 3441 2241 3488 pro-

1227 3507 1366 3575 posta
1379 3544 1395 3567 ‚
1412 3511 1471 3557 ne
1478 3510 1696 3578 potrebbe
1716 3511 1815 3558 mai
1839 3527 1984 3558 essere
2012 3510 2238 3556 rioevuta.

1238 3591 1343 3639 vid.
1369 3592 1506 3659 hujus
1535 3591 1622 3641 loci
1654 3598 1794 3643 versio
1817 3593 1958 3642 latina
1985 3594 2042 3642 ad
2067 3593 2242 3642 calcem

155 3680 254 3713 una
267 3668 500 3730 qiustizia
516 3670 599 3718 ohe
613 3687 711 3720 non
724 3676 977 3724 rimettesse
990 3675 1159 3727 l'uomo
1197 3727 1201 3731 ,
1237 3674 1498 3723 voluminis.
