2430 4056
220 185 335 245 146
545 225 549 229 .
983 195 1200 234 macr.
1226 195 1296 232 m:
1339 195 1561 235 GRATIA-

1196 261 1214 281 .

219 345 442 405 autem,
475 331 523 389 si
551 328 622 387 de
657 336 812 386 statu
851 333 1073 382 naturae
1105 322 1376 399 integrae3
1422 320 1568 381 adeo
1596 331 1663 380 ut
1693 321 1757 379 in
1782 322 2059 403 praesenti
2093 333 2316 385 naturae

220 439 374 488 statu
408 446 522 484 una
545 441 676 480 cum
703 416 1015 476 Thomistis
1045 416 1362 476 admittant
1384 417 1788 480 necessitatem
1821 415 2070 498 physicae
2101 417 2319 499 praede-

214 515 670 586 terminationis,
708 511 770 569 in
811 520 965 569 statu
993 522 1188 568 autem
1233 519 1460 569 naturae
1500 511 1738 593 integrae
1790 532 1925 571 cum
1963 512 2319 592 Congruistis

218 617 366 675 illius
414 608 812 670 necessitatem
849 605 1133 681 rejiciant.

296 721 431 780 320.
476 715 685 776 Iisdem
716 723 1025 794 propterea
1062 712 1427 790 argumentis
1468 726 1769 794 pugnant7
1806 715 2019 797 quibus
2054 726 2322 798 pugnant

215 814 518 875 Thomistae
553 808 629 868 ad
660 807 959 890 physicam
998 805 1150 864 hanc
1196 807 1871 889 praedeterminationem
1901 810 2323 871 adstruendam

214 912 276 969 in
303 904 570 990 praesenti
610 901 862 961 hominis
894 899 1226 960 conditione
1245 946 1261 976 7
1290 912 1350 961 et
1373 901 1579 961 iisdem
1611 903 1820 984 quibus
1856 906 2213 985 Congruistae
2249 906 2325 966 ad

225 1002 487 1065 eamdem
526 996 928 1077 rejiciendam,
977 1016 1108 1054 cum
1147 997 1523 1078 quaestionem
1564 998 1879 1058 instituunt
1915 998 1989 1058 de
2026 1011 2182 1058 statu
2214 1022 2325 1060 na-

223 1110 367 1157 turae
381 1092 725 1153 innocentis
754 1092 855 1149 His
883 1086 1165 1170 adjiciunt
1185 1090 1280 1150 illa
1307 1093 1502 1151 omnia
1533 1093 1884 1178 testimon—ia,
1916 1114 2048 1174 quae
2067 1095 2129 1152 in
2144 1114 2324 1154 causae

219 1214 337 1254 suae
398 1188 719 1249 subsidium
772 1184 1007 1244 adducit
1049 1187 1363 1246 -Jansenius
1384 1231 1408 1258 ,
1451 1199 1518 1246 ut
1563 1187 1923 1246 constituant
1967 1188 2207 1251 relative
2245 1190 2330 1252 vi-

219 1289 451 1347 ctricem
468 1281 911 1342 delectationem
930 1325 946 1354 7
978 1302 1090 1362 qua
1107 1281 1290 1361 gratia
1318 1281 1549 1342 obtinet
1570 1303 1955 1357 consensum3
1989 1304 2123 1342 cum
2148 1305 2216 1342 eo
2232 1294 2325 1343 ta-

216 1404 351 1441 men
395 1387 887 1460 temperament07
925 1376 1083 1457 quod
1121 1375 1296 1435 modo
1334 1377 1739 1437 indicavimus
1785 1379 2061 1452 Quocirca
2108 1377 2320 1438 iisdem

211 1477 502 1536 rationum
532 1472 842 1530 momentis
866 1471 1244 1552 impugnatur
1265 1483 1515 1552 systema
1538 1471 1697 1532 istud
1726 1518 1741 1548 7
1768 1472 1977 1555 quibus
2009 1473 2323 1534 Thomistae

215 1583 273 1631 et
294 1569 643 1648 Congruistae
669 1588 728 1625 se
750 1588 810 1625 se
841 1577 1045 1625 mutuo
1082 1567 1496 1646 aggrediuntur
1521 1613 1539 1643 7
1573 1579 1632 1628 et
1666 1567 1876 1650 quibus
1911 1569 2167 1648 theologi
2194 1590 2326 1628 om-

216 1687 318 1725 nes
351 1665 619 1724 nituntu1
656 1673 916 1723 evertere
951 1661 1408 1721 fundamentum
1450 1663 1792 1722 Janseniani
1832 1663 2179 1744 systematis
2210 1665 2322 1722 Su-

217 1748 638 1841 pervacaneum
673 1755 918 1838 proinde
950 1757 1124 1815 estin
1159 1756 1420 1816 medium
1455 1757 1798 1837 singillatim
1833 1756 2124 1818 adducere
2151 1779 2322 1871 argu-

217 1866 412 1913 menta
447 1852 699 1911 adversae
729 1852 911 1932 partis
947 1851 1350 1932 theologorum
1378 1852 1485 1935 (l).

1196 2042 1329 2124 §3-

862 2194 1131 2272 Systema
1179 2193 1703 2272 Congruistarum.

301 2371 441 2430 321.
490 2369 843 2450 Congruistae
875 2414 891 2444 7
924 2373 1134 2446 rejecta
1169 2369 1372 2451 quavis
1407 2368 1641 2451 physica
1670 2368 2278 2451 praedeterminatione
2304 2415 2322 2446 7

225 2465 447 2524 nullam
477 2463 795 2546 admittunt
817 2464 1060 2543 gratiam
1085 2487 1124 2523 a
1150 2486 1206 2524 ae
1230 2465 1511 2543 efficacem
1541 2510 1559 2541 7
1593 2486 1722 2548 quae
1750 2487 1966 2547 nempe
1992 2476 2200 2528 natura
2223 2487 2327 2525 sua

226 2559 483 2623 includat
497 2570 712 2632 actum7
731 2558 804 2617 ad
821 2580 995 2640 quem
1015 2559 1205 2636 datur,
1223 2581 1287 2618 ac
1303 2560 1510 2620 efficiat
1524 2561 1719 2643 ipsum
1740 2560 2052 2621 voluntatis
2068 2559 2289 2621 flexum
2305 2586 2324 2636 ς

226 2653 456 2714 nullum
494 2652 706 2712 idcirco
740 2666 1057 2732 agnoscunt
1095 2655 1406 2715 discrimen
1433 2655 1738 2716 essentiale
1770 2677 1873 2716 seu
1899 2701 1915 2730 7
1962 2665 2030 2714 ut
2066 2668 2277 2716 vocant
2303 2700 2326 2729 ,

227 2753 492 2809 entitatz‘s
520 2749 671 2807 inter
694 2750 936 2828 gratiam
968 2751 1255 2812 efficacem
1287 2764 1348 2812 et
1375 2752 1777 2813 sufficientem.
1804 2755 1992 2826 Quare
2018 2753 2082 2811 in
2117 2751 2332 2812 horum

229 2854 539 2924 systemate
568 2843 756 2901 omnis
785 2835 963 2922 gratia
985 2890 1001 2919 7
1025 2858 1311 2926 quantum
1336 2869 1410 2907 ex
1437 2869 1497 2907 se
1515 2858 1604 2907 est
1629 2893 1646 2922 7
1671 2857 1731 2907 et
1747 2848 2062 2908 intrinseca
2101 2868 2167 2907 ac
2189 2869 2332 2928 pro—

232 2940 356 3020 pria
396 2940 613 3000 virtute
647 2937 870 3020 praebet
906 2940 969 2998 in
1004 2952 1144 3000 actu
1169 2948 1377 3022 primo
1409 2988 1425 3018 7
1474 2953 1541 3001 ut
1582 2944 1747 3002 aiunt
1771 2989 1788 3019 7
1839 2965 1939 3002 seu
1972 2945 2036 3003 in
2071 2944 2334 3026 potentia

232 3051 457 3109 veram,
489 3035 817 3114 proximam
840 3046 900 3094 et
934 3035 1267 3116 expeditam
1289 3084 1305 3113 7
1332 3038 1513 3099 relate
1537 3038 1611 3098 ad
1638 3039 2097 3100 circumstantias
2120 3039 2183 3097 in
2208 3038 2333 3121 qui-

234 3123 342 3183 bus
374 3128 552 3186 homo¹
576 3141 871 3205 versatur7
899 3131 1108 3211 agendi
1131 3132 1484 3194 facultatem.
1516 3135 1636 3194 Hac
1660 3145 1970 3216 propterea
2003 3133 2181 3194 homo
2204 3154 2332 3214 gra-

232 3218 312 3276 tia
347 3219 657 3281 instructus
674 3268 691 3297 7
714 3225 883 3306 siper
905 3225 1157 3286 liberum
1198 3227 1506 3288 arbitrium
1533 3250 1594 3289 se
1625 3227 1980 3289 determinet
2003 3227 2079 3288 ad
2108 3227 2334 3288 bonum

302 3393 373 3460 (Ι)
396 3394 493 3444 Cfr.
517 3394 653 3446 Card.
679 3397 832 3448 Notis.
861 3400 979 3468 opp.
1002 3404 1115 3453 edit.
1140 3403 1235 3454 Ve-
1315 3405 1374 3456 de
1393 3404 1535 3454 modo
1560 3407 1881 3472 reparationis
1900 3405 2127 3456 humanm
2146 3413 2336 3454 παίωνα

236 3492 343 3524 ron.
355 3485 451 3524 tom
465 3493 481 3524 1
499 3515 512 3538 7
530 3480 775 3529 continens
791 3498 928 3531 sacra
946 3519 962 3545 ‚
979 3491 1024 3535 et
1038 3495 1153 3534 tom.
1174 3500 1205 3535 n
1219 3523 1234 3551 ,
1307 3494 1419 3553 post
1440 3486 1628 3553 lapsum
1637 3523 1654 3549 ,
1673 3489 1767 3537 vol.
1784 3504 1818 3537 n
1837 3491 1886 3537 in
1902 3486 1954 3552 4,
1971 3488 2130 3538 Romae
2168 3504 2185 3536 1
2197 3488 2325 3554 737·
2309 3523 2325 3551 7

236 3556 416 3605 dissert.
437 3575 481 3619 v,
504 3559 544 3605 J
541 3565 800 3610 amemam
812 3566 983 3613 erroris
999 3566 1243 3617 calumnia
1323 3568 1447 3618 Berti
1481 3606 1495 3628 ‚
1549 3567 1631 3617 De
1682 3569 1980 3636 Theoloqicu
2022 3567 2296 3635 disciplinis
2322 3603 2338 3630 7

229 3635 456 3700 sublata,
490 3649 574 3689 etc.
609 3639 794 3700 Beleni,
818 3644 962 3694 Mem
974 3647 1245 3712 Auqustim‘
1326 3658 1446 3702 tom.
1475 3665 1557 3715 m,
1582 3650 1664 3700 De
1691 3654 1886 3717 qratia,
1921 3669 2022 3718 cap.
2040 3667 2104 3700 20
2125 3661 2170 3701 et
2199 3668 2331 3719 seqq.
