2430 4056
187 168 310 230 272

947 178 1144 220 ΤΒΑΟΤ
1191 182 1260 218 DB
1300 183 1530 221 GRATIA-

191 353 314 402 esse
343 331 712 412 peculiarem
752 343 1011 382 errorem
1054 322 1578 382 Calvinistarum·
1551 347 1578 397 ,-
1625 343 1763 381 nam
1813 319 2126 381 Lutberani
2152 366 2169 397 ,
2221 335 2286 384 ut

190 428 328 488 alias
382 420 942 484 animadvertimus
913 462 930 493 .‚
980 438 1188 499 parum
1239 414 1346 474 sibi
1390 418 1774 477 constiterunt
1797 462 1810 489 .,
1871 437 2003 475 cum
2049 438 2121 476 ex
2174 438 2288 477 una

190 534 354 605 parte
388 526 738 587 statuerent
771 513 947 572 fidem
965 513 1382 590 justificantem
1410 510 1906 601 independentem
1942 518 2064 570 esSe
2099 533 2131 570 a
2168 512 2288 571 dis-

191 611 614 697 positionibus
598 609 790 691 impii,
833 628 897 666 ac
927 607 1173 688 ploinde
1202 628 1233 663 a
1272 604 1392 663 solo
1430 608 1549 663 Deo
1582 607 1705 666 sine
1729 608 1987 665 humana
2012 607 2290 688 coopera-

194 712 351 768 tione
376 705 612 788 produci
642 726 742 762 seu
776 705 837 761 in
864 702 1164 760 hominem
1191 699 1466 758 immitti.
1503 719 1576 757 ex
1603 700 1780 760 altera
1813 723 1948 763 vero
1986 700 2293 774 docerent,

189 803 365 862 fidem
399 800 584 859 amitti
624 819 791 880 posse
816 819 919 879 per
953 795 1359 854 infidelitatem
1379 841 1394 870 ,
1428 815 1542 875 qua
1577 795 1782 853 amissa
1805 840 1821 870 .,
1859 796 1979 877 ipsa
2004 797 2291 854 amittitur

181 899 511 977 justificatio
536 942 551 970 7
605 907 664 954 et
696 895 784 953 his
822 895 938 952 fere
971 915 1041 952 ex
1082 893 1396 973 improviso
1438 891 1638 950 statim
1681 893 2148 971 peccatadenuo
2176 894 2292 952 im·-

189 994 382 1075 putari
406 994 478 1050 ad
504 1012 736 1072 poenam
776 988 897 1068 (1),
939 1009 1003 1046 ac
1034 986 1341 1068 propterea
1379 986 1580 1064 subjici
1618 997 1854 1045 aeternae
1891 986 2288 1067 damnationi,

191 1089 301 1147 nisi
330 1090 540 1146 iterum
565 1107 669 1167 per
691 1084 865 1142 fidem
886 1084 1169 1161 justitiam
1192 1083 1459 1140 amissam
1484 1079 1932 1161 apprehendant
1961 1081 2072 1160 (2).
2104 1085 2292 1156 Quare

192 1182 504 1241 Lutherani
539 1180 838 1237 dimidiato
878 1176 1371 1258 impeccabilitatis
1403 1197 1502 1234 seu
1528 1175 1722 1256 potius
1753 1175 2142 1235 immunitatis
2171 1177 2294 1259 pri-

190 1276 398 1354 vilegio
445 1275 738 1332 fruuntur.

273 1370 411 1427 602.
463 1368 786 1428 Absurdam
821 1388 994 1447 porro
1035 1387 1101 1425 ac
1133 1366 1373 1447 impiam
1409 1365 1559 1423 hanc
1603 1366 1962 1427 Novatorum
2009 1365 2296 1426 theoriam

191 1464 365 1547 plane
404 1463 662 1524 evellunt
692 1465 876 1522 Sacrae
904 1463 1150 1521 Litterae.
1194 1463 1294 1520 Hae
1326 1461 1615 1542 siquidem
1660 1473 1943 1542 perpetuo
1974 1460 2296 1521 admonent

190 1564 374 1640 justos
395 1605 409 1631 ,
439 1581 513 1617 ne
542 1581 572 1616 a
594 1558 816 1636 justitia
835 1558 1104 1615 excidant
1127 1601 1142 1630 ,
1169 1556 1466 1615 declarant
1483 1600 1498 1629 ,
1528 1555 1680 1614 illico
1709 1578 1837 1615 reos
1863 1577 1924 1615 se
1947 1557 2296 1615 constituere

195 1677 289 1714 eos
319 1676 515 1712 omnes
535 1699 548 1726 ,
583 1653 679 1733 qui
708 1663 838 1732 post
868 1652 1137 1732 adeptam
1159 1651 1444 1728 justitiam
1472 1672 1627 1711 novo
1650 1672 1708 1709 se
1726 1650 1995 1731 polluunt
2022 1661 2291 1732 peccat03

195 1770 260 1807 ac
293 1748 530 1806 demum
555 1746 749 1827 plures
778 1751 962 1823 justos
991 1744 1272 1804 exhibent
1301 1746 1422 1806 sive
1458 1745 1734 1827 reprobos
1766 1746 1887 1805 sive
1926 1745 2297 1827 praedestina-

196 1854 283 1902 tos
311 1842 656 1924 gravissimis
684 1840 991 1899 sceleribus
1020 1840 1420 1921 coinquinatos
1457 1861 1521 1898 ac
1557 1841 1661 1900 Dei
1696 1841 1956 1899 inimicos
1996 1840 2250 1900 effectos,

198 2035 275 2083 Sic
324 2036 447 2082 enim
478 2036 596 2081 inter
628 2042 774 2081 cetera
820 2031 1007 2090 scribit,
1043 2027 1204 2078 Instit.

199 2116 282 2164 lib.
319 2131 405 2176 111,
438 2133 539 2179 cap.
581 2112 668 2177 24,
700 2113 727 2179 ἓ
762 2114 794 2159 6
828 2131 841 2160 :
880 2115 1011 2176 Quos
1047 2113 1203 2160 nomi-

198 2199 278 2244 nis
338 2198 418 2242 sui
479 2197 743 2258 coqnitione
800 2193 1097 2241 illuminatos
1150 2195 1205 2240 in

1292 2032 1421 2078 tione
1443 2047 1745 2094 nequaquam
1785 2030 1966 2079 induti.
2010 2031 2061 2079 T
2057 2030 2158 2078 alia
2191 2030 2296 2079 Ec-

1289 2110 1446 2158 clesioe
1493 2128 1593 2159 suae
1646 2111 2055 2160 dehonestamenta
2095 2121 2140 2159 et
2174 2112 2301 2160 velut

1289 2190 1606 2258 καρκινώματω
1646 2210 1745 2240 non
1783 2190 2037 2240 sustinebit
2070 2202 2298 2259 perpetuo

1289 2274 1428 2321 Deus
1452 2292 1465 2337 3
1492 2274 1573 2320 sed
1593 2282 1740 2338 pro-ut
1763 2281 1970 2320 meretur
1992 2291 2154 2322 eorum
2191 2283 2297 2323 tur-

1283 2355 1453 2419 pitudo
1475 2393 1488 2414 ‚
1517 2363 1651 2402 extra
1680 2356 1922 2421 projiciet.

1351 2436 1420 2498 (1)
1458 2436 1557 2484 Cfr.
1577 2436 1803 2497 Moehler‚
1820 2434 2146 2502 Symboliqm,
2165 2435 2192 2502 §
2213 2452 2293 2486 20.

1357 2519 1420 2581 (2)
1465 2517 1692 2566 Lutherus
1746 2529 1981 2583 propterea
2011 2553 2029 2579 ,
2087 2517 2295 2592 Disput-

198 2277 251 2324 E
252 2277 427 2324 cclesioe
443 2294 539 2323 suae
554 2278 717 2322 sinum
751 2275 972 2322 Christus
999 2275 1204 2333 asciscit,

199 2373 273 2405 eos
298 2358 479 2404 dicitur
503 2357 557 2403 in
579 2356 723 2418 fidem
753 2354 1036 2418 tutelamque
1066 2370 1204 2401 suam

197 2440 415 2503 recipere.
457 2435 784 2500 Quoscumque
818 2444 975 2483 autem
1003 2437 1200 2499 recipit,

200 2522 247 2568 ei
281 2536 312 2566 a
338 2520 483 2566 Patte
510 2519 753 2566 commissi
776 2534 872 2565 esse
901 2517 1134 2565 dicuntur
1147 2534 1204 2565 ac

199 2601 480 2661 concredzfi,
502 2608 553 2646 ut
568 2603 622 2646 in
639 2601 785 2647 vitam
802 2607 1026 2646 aeternam
1048 2608 1203 2646 custo-

200 2664 413 2730 diantur.
437 2681 567 2744 Quid
584 2681 721 2727 nobis
744 2679 981 2727 volumus
974 2684 995 2716 ?
1017 2679 1247 2728 Clamat

200 2763 296 2811 alta
312 2779 417 2810 voce
440 2762 660 2809 Christus
679 2797 691 2820 ‚
710 2769 927 2825 quotquot
945 2762 1095 2809 Pater
1114 2761 1207 2810 sal-

201 2862 280 2892 vos
306 2861 402 2892 esse
433 2843 545 2891 velit
564 2881 576 2902 ‚
608 2860 684 2890 eos
721 2843 818 2890 sibi
853 2844 909 2889 in
945 2845 1203 2908 protectio-

204 2942 311 2973 nem
339 2924 609 2973 tradidisse.
633 2922 736 2989 Et§
762 2940 788 2988 7
822 2941 835 2971 :
859 2923 961 2972 Nec
987 2925 1180 2986 inficior
1196 2961 1210 2987 ‚

204 3008 323 3070 quin
386 3007 399 3068 (
428 3006 640 3071 reprobi)
693 3005 897 3053 habeant
947 3007 1208 3054 vocationis

206 3087 389 3135 similia
423 3105 530 3135 cum
562 3087 717 3136 electis
753 3090 896 3152 siqua
914 3107 933 3145 ,³
963 3087 1047 3135 sed
1084 3087 1210 3135 illud

207 3178 384 3217 certum
400 3169 639 3217 electionis
662 3170 1038 3217 stabilimentum
1056 3205 1068 3227 ‚
1085 3169 1211 3234 quod

203 3249 365 3315 fideles
390 3267 419 3296 a
447 3250 582 3298 verbo
599 3250 649 3298 E
652 3251 867 3315 vanyelii
876 3260 1034 3317 petere
1039 3250 1207 3316 jubeo,

211 3330 308 3378 illis
342 3332 538 3378 minime
560 3332 776 3381 concedo.
813 3331 945 3397 Quod
984 3343 1030 3380 et
1056 3350 1212 3398 prose-

211 3415 371 3478 quitur
405 3410 433 3477 ἓ
469 3409 532 3472 8,
574 3412 655 3460 ubi
700 3414 865 3461 addit:
912 3413 1021 3462 Hoc
1063 3431 1212 3462 mem-

210 3494 352 3542 brum
370 3530 383 3552 ‚
415 3493 570 3556 fatcor
586 3529 600 3552 ‚
637 3494 1001 3562 intelligendum
1028 3495 1086 3543 de
1113 3498 1182 3543 iis
1198 3532 1212 3556 ‚

211 3575 299 3639 qui
310 3593 312 3595 ¹
343 3572 464 3637 fidei
502 3573 794 3638 professione
838 3578 898 3623 in
947 3574 999 3624 E
1000 3575 1217 3624 eclesiam

213 3656 554 3721 inqrediuntur
575 3693 590 3718 ,
622 3657 704 3704 sed
737 3655 922 3705 Christi
947 3659 1218 3723 sanctifica-

1289 2609 1400 2647 tom.
1426 2615 1460 2659 1,
1484 2617 1530 2664 p.
1547 2598 1642 2648 523
1663 2635 1678 2660 ,
1704 2601 1862 2649 aiebat
1883 2617 1896 2647 ε
1917 2600 1975 2647 Si
2001 2601 2056 2646 in
2074 2600 2172 2664 fide
2187 2601 2302 2663 fieri

1281 2690 1439 2746 posset
1474 2681 1795 2742 adulterium,
1822 2690 2073 2747 peccatum
2102 2697 2210 2729 non
2224 2698 2311 2743 es-¹

1288 2772 1373 2811 set.
1410 2762 1735 2822 Melancthon‚
1768 2764 1917 2811 eidem
1959 2765 2300 2829 principiowin-

1289 2847 1447 2905 nixus»,
1468 2845 1684 2903 docebat,
1712 2845 1827 2893 Loc.
1867 2844 2032 2893 Theol·
2060 2863 2166 2911 pag.
2197 2861 2262 2912 92
2282 2882 2296 2906 ‚

1289 2927 1407 2975 nihil
1432 2918 1608 2974 homini
1635 2927 1762 2975 fideli
1789 2943 1954 3003 nocere
1978 2944 2137 2994 posse,
2158 2911 2298 2975 dum-

1291 3008 1430 3057 modo
1455 3009 1609 3056 firmas
1628 2997 1778 3057 teneat
1794 3000 2118 3073 promissiones
2135 3043 2152 3070 ‚
2184 2994 2312 3074 quas⁴

1295 3089 1388 3138 fide
1424 3090 1767 3155 apprehendit.
1791 3088 2171 3158 Qualiacumque
2198 3091 2301 3137 sint

1294 3187 1435 3237 opera
1456 3209 1469 3231 ‚
1517 3170 1754 3219 comedere
1789 3209 1802 3230 ‚
1851 3172 2045 3237 bibere,
2069 3170 2303 3219 laborare

1295 3269 1447 3300 manu
1467 3287 1481 3310 ,
1504 3251 1696 3312 docere,
1733 3252 1854 3300 addo
1901 3255 2072 3312 etiam,
2110 3261 2178 3315 ut¹>
2201 3253 2302 3300 sint

1290 3333 1458 3399 palam
1466 3342 1680 3399 peccata,
1697 3343 1782 3382 etc.
1801 3333 2014 3383 Attamen
2027 3332 2099 3382 his
2111 3333 2306 3392 ducibus

1299 3426 1366 3464 tot
1394 3417 1547 3463 miseri
1578 3415 1790 3464 homines
1821 3418 2054 3481 negotium
2094 3416 2303 3463 omnium

1301 3498 1554 3546 maximum
1573 3532 1588 3555 ‚
1615 3494 1949 3560 cujusmodiest
1973 3504 2140 3546 aeterna
2153 3492 2271 3543 salue
2284 3497 2319 3552 ‚*'

1302 3579 1629 3627 commiserunt
1643 3579 1654 3626 !
