2540 4074
2166 185 2242 246 89

523 211 683 248 PART.
731 209 771 247 1.
817 207 940 248 CAP.
987 210 1062 246 11.·
1100 176 1172 246 'DE
1215 209 1433 249 GRATIAE
1474 204 1854 248 NECESSITATE.

151 351 291 411 riter
316 396 332 425 .,
357 350 458 432 qui
479 346 1003 432 perfectibilitatem
1021 392 1043 421 ,
1067 352 1136 409 ut
1154 359 1368 411 vocant
1387 394 1404 424 ,
1433 349 1780 418 attributum
1802 348 2107 432 proprium
2127 347 2243 409 hu-

154 445 453 512 manitatis
505 463 626 502 esse
667 440 973 502 autumant
1004 486 1017 509 ‚
1065 444 1434 518 existimant,
1478 444 1778 504 hominem
1820 465 1988 526 posse
2029 463 2251 531 perveffi

155 540 282 599 nire
327 560 395 599 ex
442 534 660 598 viribus
703 535 815 594 sibi
856 537 1043 596 insitis
1085 559 1267 619 usque
1307 537 1381 596 ad
1422 537 1856 613 aemulandum,
1900 559 2022 596 non
2057 537 2246 597 solum

151 632 334 694 ideale
373 630 757 713 'prototypum
787 629 1035 691 hominis
1074 631 1410 714 paradisiaci
1438 678 1454 708 ,
1497 632 1599 693 sed
1635 633 1829 715 ipsum
1855 633 2008 694 reale
2030 678 2046 709 .,
2089 633 2248 715 quod

151 729 215 787 in
237 748 298 787 se
323 724 586 798 exhibuit
619 724 880 784 Christus
907 728 941 785 J
945 747 1072 786 esus
1105 726 1221 807 (1).
1867 749 1870 751 Α

183 815 188 822 ’
235 818 373 878 173.
403 817 841 900 Semipelagiani
861 865 877 894 ,
896 821 995 903 qui
1022 831 1087 878 ut
1112 821 1345 879 initium
1370 819 1506 879 fidei
1532 841 1597 878 ac
1624 818 1822 878 salutis
1841 842 1912 880 ex
1937 819 2104 880 nobis
2126 842 2250 891 esse

152 906 498 988 ‘voluerunt‚
548 914 626 972 sic
666 926 724 973 et
763 936 1128 996 progressum
1163 935 1227 973 ac
1256 918 1750 994 perseverantiam
1792 915 1854 971 in
1907 927 2106 974 nostra
2141 938 2250 996 po-

150 1018 361 1068 testate
388 1006 605 1089 absque
635 1008 910 1090 peculiari
934 1008 1128 1087 gratiae
1157 1007 1367 1066 auxilio
1387 1053 1402 1082 ,
1435 1008 1715 1066 indirecte
1745 1007 1952 1067 saltem
1980 1054 1996 1083 ἡ
2035 1010 2252 1090 pariter

151 1123 275 1161 esse
307 1101 767 1176 contenderunt3
807 1113 1092 1184 quatenus
1128 1124 1340 1184 nempe
1361 1147 1376 1176 ,
1407 1114 1474 1161 ut
1508 1103 1747 1161 inferius
1776 1103 2031 1162 dicemus
2054 1148 2070 1177 ‚
2100 1103 2253 1165 vole-

151 1194 295 1255 bant
322 1242 338 1271 ,
371 1196 491 1256 haec
521 1219 693 1279 opera
710 1197 864 1256 bona
891 1218 956 1255 ac
983 1196 1445 1278 supernaturalia
1472 1209 1529 1257 et
1551 1200 2045 1279 perseverantiam
2065 1199 2255 1259 enasci

154 1312 186 1349 a
220 1292 402 1370 gratia
432 1303 596 1372 parta
641 1290 858 1352 viribus
897 1290 1066 1349 liberi
1099 1291 1339 1350 arbitrii.

158 1378 160 1380 ⁵
238 1386 374 1444 174.
426 1388 638 1445 Contra
666 1407 804 1445 vero
830 1384 972 1444 fides
1006 1385 1282 1445 catholica
1317 1386 1484 1447 docet
1523 1387 1795 1448 adversus
1827 1389 2159 1468 Pelagianos
2188 1410 2252 1448 ac

154 1479 558 1539 Rationalistas
579 1525 595 1546 r
622 1501 728 1538 nec
749 1484 936 1558 justos
958 1481 1113 1558 ipsos
1141 1503 1308 1562 posse
1332 1483 1471 1540 citra
1499 1483 1743 1564 speciale
1783 1484 2150 1564 privilegium
2186 1485 2250 1543 in

123 1615 125 1617 -
158 1561 433 1655 praesenti
460 1574 712 1633 hominis
743 1575 958 1634 infirmi
986 1587 1140 1634 statu
1157 1622 1172 1651 a
1210 1587 1332 1636 toto
1361 1579 1495 1637 vitae
1522 1589 1782 1660 tempore
1804 1624 1819 1653 7
1847 1580 2041 1637 omnia
2067 1581 2251 1642 vitare

156 1680 390 1750 peccata
432 1668 722 1743 venialia3
763 1669 1036 1730 adversus
1077 1671 1565 1753 Semipelagianos
1619 1685 1815 1732 autem
1853 1673 2055 1742 docet,
2106 1676 2253 1735 sicut

156 1764 293 1822 fidei
340 1784 404 1822 ac
445 1763 643 1821 salutis
689 1764 921 1821 initium
964 1765 1043 1822 ita
1095 1776 1153 1824 et
1196 1768 1691 1847 perseverantiam
1742 1790 1923 1849 usque
1960 1770 2021 1827 in
2073 1770 2254 1829 finem

155 1858 260 1914 Dei
295 1878 507 1914 munus
554 1877 695 1915 esse.
744 1858 907 1915 Hanc
946 1858 1189 1938 proinde
1230 1860 1552 1921 doctrinam
1594 1863 1968 1944 sequentibus
1999 1866 2254 1946 proposi-

158 1947 411 2008 tionibus
447 1948 860 2010 vindicandam
884 1952 1244 2033 suscipimus.

98 2143 103 2146 ¹
157 2152 340 2203 Christ.
365 2172 465 2220 cap.
489 2155 519 2203 3
538 2192 551 2214 ‚
582 2172 636 2203 n.
653 2152 703 2217 4.
737 2154 860 2203 Hinc
876 2156 1041 2216 refert,
1069 2156 1156 2205 hac

151 2246 248 2285 arte
279 2253 385 2285 eum
417 2237 612 2286 illusisse
636 2237 868 2302 Episcopis
886 2237 1123 2286 Palestinae
1142 2274 1151 2292 ‚

152 2316 265 2365 dum
293 2317 592 2377 adstruebat,
624 2334 753 2382 posse
786 2319 1024 2367 hominem
1066 2337 1164 2368 esse

150 2400 248 2448 sine
279 2409 462 2463 peccato
498 2417 608 2447 cum
639 2399 725 2448 Dei
757 2400 999 2463 adjutorio.
1069 2418 1073 2423 ·

221 2479 284 2542 (l)
323 2479 411 2528 Hie
434 2481 688 2528 notandum
714 2491 781 2529 est
803 2483 939 2528 etiam
956 2515 972 2540 ,
1009 2480 1159 2530 Nova-

151 2571 269 2610 tores
290 2563 526 2610 admisisse
548 2561 988 2625 impeccabilitatem
1010 2565 1060 2609 in
1081 2564 1160 2612 ho-

153 2644 278 2691 mine
294 2643 540 2709 justificato
553 2679 566 2703 ‚
585 2644 665 2702 sed
686 2644 774 2692 alio
793 2661 974 2708 prorsus
990 2652 1128 2694 sensu
1146 2683 1158 2705 ‚

153 2728 293 2789 atque
312 2741 364 2772 ex
391 2725 479 2773 alio
505 2727 696 2773 omnino
721 2727 960 2790 principio.
983 2724 1158 2791 Nempe

151 2807 239 2871 ipsi
271 2808 462 2867 docent,
503 2820 690 2858 eatenus
722 2809 959 2857 hominem
979 2813 1158 2875 justum

154 2906 251 2939 non
281 2890 476 2955 amplius
514 2907 700 2955 peccare
731 2908 866 2956 posse
886 2927 899 2950 ,
932 2902 1157 2957 quatenus

154 2980 337 3033 peccata
368 2973 454 3035 ipsi
483 2988 579 3019 non
600 2972 795 3037 amplius
821 2990 845 3020 a
875 2967 972 3021 Deo
1000 2975 1156 3039 impu-

153 3059 307 3098 tantur
357 3050 420 3100 ob
463 3052 630 3101 Christi
679 3055 903 3119 justitiam
939 3089 958 3116 ,
1016 3072 1155 3120 quam

151 3131 292 3180 homo
318 3150 399 3198 per
424 3134 563 3183 fidem
595 3135 915 3199 apprehendit.
950 3134 1072 3184 Hinc
1105 3139 1156 3186 in

150 3213 338 3260 istorum
357 3219 579 3264 sententia
599 3214 719 3265 hanc
744 3219 910 3266 rectius
926 3221 1156 3267 vocaveris

150 3294 490 3359 impunitatem
527 3315 665 3363 quam
699 3297 1163 3364 impeccabilitatem,

151 3378 260 3440 quia
282 3377 406 3442 quod
429 3381 588 3427 attinet
615 3379 673 3427 ad
700 3380 883 3445 culpam
903 3418 916 3439 ‚
946 3380 1067 3429 ultro
1093 3381 1163 3429 fa-

150 3466 305 3507 tentur
316 3494 331 3520 ‚
358 3461 506 3525 justos
527 3477 706 3526 semper
728 3464 776 3510 in
795 3461 1004 3528 quolibet
1021 3480 1158 3528 opere

1248 2165 1459 2212 peccare3
1496 2150 1574 2198 sed
1608 2151 1678 2198 hae
1699 2150 1844 2215 culpae
1874 2153 1925 2199 in
1950 2152 2135 2201 illorum
2157 2170 2256 2219 sys-

1246 2240 1412 2279 temate
1436 2234 1568 2297 justis
1599 2232 1658 2280 ob
1697 2231 1864 2281 Christi
1903 2236 2126 2299 justitiam
2160 2253 2255 2283 non

1227 2314 1530 2376 imputantur
1557 2315 1614 2361 ad
1636 2331 1834 2378 poenam.
1862 2314 1938 2362 Sic
1958 2316 2121 2363 docent
2149 2316 2254 2364 Cal-

1247 2395 1451 2452 vinistae,
1484 2398 1660 2459 justum
1694 2413 1790 2443 non
1816 2397 2017 2460 amplius
2047 2398 2256 2447 excidere

1243 2491 1374 2538 posse
1390 2476 1448 2523 ab
1465 2476 1626 2541 adepta
1639 2479 1815 2542 justitia
1832 2495 1845 2540 3
1868 2480 1974 2543 quia
1996 2479 2107 2526 fides
2123 2514 2138 2538 ,
2165 2497 2255 2544 qua

1244 2556 1602 2620 apprehenditur
1622 2561 1798 2623 justitia
1821 2597 1834 2618 ,
1860 2562 2042 2623 propria
2074 2570 2254 2608 tantum

1244 2650 1310 2688 est
1327 2640 1579 2688 electorum
1593 2677 1605 2698 ,
1626 2658 1711 2689 nec
1728 2643 1875 2689 amitti
1897 2650 2068 2706 potest3
2090 2643 2255 2691 Luthe-

1240 2724 1341 2769 rani
1374 2739 1480 2770 vero
1507 2732 1726 2783 censent,
1760 2724 1935 2771 tamdiu
1969 2726 2117 2771 amitti
2158 2742 2255 2772 non

1240 2820 1370 2868 posse
1405 2805 1627 2870 justitiam
1650 2841 1664 2864 ,
1706 2805 1930 2870 quamdiu
1964 2807 2074 2870 justi
2113 2805 2255 2853 fidem

1242 2895 1447 2948 servant;
1483 2903 1593 2934 nam
1614 2888 1745 2950 juxta
1780 2889 1901 2950 ipsos
1938 2886 2048 2934 fidei
2071 2888 2253 2934 amissio

1242 2977 1306 3016 est
1334 2967 1484 3015 solum
1515 2974 1757 3032 peccatum
1781 3004 1794 3026 ,
1828 2985 1921 3033 quo
1940 2970 2090 3033 justus
2108 2986 2132 3016 a
2151 2971 2253 3033 jus-

1238 3050 1337 3097 titia
1366 3049 1572 3097 excidere
1601 3051 1775 3113 possit,
1805 3051 1921 3097 etin
1951 3050 2140 3097 istorum
2168 3050 2253 3098 do-

1241 3133 1384 3178 ctrina
1399 3131 1512 3178 fides
1527 3148 1622 3178 non
1642 3141 1707 3179 est
1724 3130 2058 3181 inamissibilia.
2080 3130 2254 3179 Verum

1239 3213 1336 3260 haec
1365 3215 1472 3260 satis
1498 3213 1574 3260 hic
1593 3215 1684 3260 sint
1704 3213 1762 3261 ad
1785 3213 2146 3278 dignoscendam
2178 3213 2251 3261 di-

1247 3310 1424 3343 versam
1442 3295 1760 3344 haereticorum
1786 3295 2069 3359 doctrinam3
2099 3295 2156 3346 de
2182 3296 2256 3343 his

1247 3379 1371 3427 enim
1401 3395 1484 3427 suo
1509 3377 1628 3429 loco,
