2540 4074
281 217 360 276 42
1029 233 1220 274 macr.
1268 232 1336 269 mr.
1378 232 1579 270 cnam
1591 256 1604 269 .

281 387 374 435 tus
399 392 638 455 eamque
671 367 1098 432 commendavit
1116 416 1131 444 ‚
1163 392 1281 429 non
1302 368 1536 451 praecise
1561 368 1635 428 ob
1668 369 1848 428 fidem
1873 380 1941 429 ut
1972 368 2194 428 donum
2219 370 2323 429 Dei
2343 415 2360 445 ‚

281 469 383 528 sed
411 468 484 527 ob
516 467 756 527 liberam
783 470 902 542 ejus
941 464 1404 546 cooperationem
1437 462 1514 520 id*
1535 463 1704 537 fecit3
1740 465 1951 544 inqua
1983 463 2183 545 utique
2210 463 2364 522 Cen-.-

281 564 430 622 turio
454 584 571 643 prae
597 572 680 619 tot
712 571 811 618 aut
840 558 1145 618 incredulis
1168 566 1276 616 aut¹
1297 556 1669 625 oscitantibus
1700 558 1969 617 Israelitis
1992 557 2363 618 commenda-

280 655 454 714 bilem
490 676 549 714 se
581 652 860 712 exhihuit.
1718 689 1719 694 κ

359 750 452 808 82.
498 749 584 807 Ad
623 749 707 806 2¹¹¹
744 747 915 830 prob.
969 731 1115 828 Neq
1163 751 1312 806 min.
1360 767 1485 828 quae
1526 745 1669 804 dicit
1702 768 1831 806 eam
1872 746 2090 807 bonam
2128 748 2363 810 Davidis

277 842 636 902 voluntatem
665 865 696 901 a
727 845 856 906 Deo
871 864 990 901 non
1027 842 1217 901 fuisse.
1249 844 1378 900 Non
1407 851 1602 899 autem
1634 838 1801 899 obest
1827 886 1843 916 ,
1872 843 2028 923 quod
2067 845 2218 902 Deus
2244 847 2365 922 ejus

278 937 543 996 effectum
576 959 676 996 seu
707 938 1098 996 executionem
1138 935 1389 996 noluerit
1411 959 1433 1002 ‚·
1468 933 1640 992 simili
1666 935 1823 993 enim
1848 937 2082 996 ratione
2107 957 2168 995 se
2193 938 2367 1016 gessit

279 1053 409 1091 cum
443 1033 765 1110 Abraham,
801 1033 891 1092 cui
923 1033 1028 1092 etsi
1061 1043 1256 1114 aperte
1297 1029 1756 1089 immolationem
1796 1031 1960 1089 Isaac
1981 1022 2328 1112 imperasset
2349 1076 2367 1104 ‚

278 1126 463 1185 noluit
507 1139 699 1186 tamen
725 1172 741 1203 ,
787 1138 852 1186 ut
883 1149 1009 1187 eam
1054 1126 1376 1185 executioni
1411 1123 1716 1184 mandaret
1751 1169 1767 1197 .,
1813 1123 1932 1182 sola
1971 1124 2274 1185 voluntate
2311 1135 2371 1183 et

281 1219 601 1280 obedientia
628 1232 930 1280 contentus
954 1246 969 1293 ς
1012 1232 1077 1279 ut
1112 1232 1299 1279 cetera
1325 1218 1590 1300 exempla
1619 1218 1851 1278 silentio·
1882 1230 2224 1300 praeteream
2253 1219 2363 1297 (l).

358 1316 453 1374 83.
499 1315 628 1393 Obj.
669 1316 856 1374 tertia.
891 1317 1082 1374 Patres
1110 1315 1363 1393 graeciae
1402 1314 1568 1372 latini
1592 1334 1742 1394 pene
1766 1335 1970 1372 omnes
1995 1325 2133 1373 ante
2163 1315 2218 1372 S.
2261 1315 2371 1373 Au-

278 1412 567 1492 gustinum
611 1410 871 1470 eamdem
918 1410 1238 1469 doctrinam
1266 1455 1281 1485 7
1318 1431 1492 1491 quam
1536 1419 1735 1489 postea
1774 1408 2216 1490 Semipelagiani
2247 1429 2369 1466 am-

277 1506 433 1587 plexi
472 1517 642 1578 sunt,
684 1506 920 1564 omnino
956 1516 1287 1564 tenuerunt.
1334 1505 1613 1563 Omnium
1659 1504 2077 1563 vetustissimus
2125 1505 2370 1573 Hermas

276 1601 339 1658 in
373 1602 614 1682 Pastore
638 1626 656 1658 :
698 1601 965 1679 Quorum
993 1645 1009 1672 ⁷
1044 1601 1124 1658 ait
1147 1644 1162 1673 ‚
1190 1602 1423 1658 viderat
1457 1600 1761 1658 Dominus
1787 1619 1988 1677 paras
2018 1608 2237 1655 mentes
2259 1600 2372 1675 f'u-

278 1706 448 1752 turas
475 1739 489 1768 .,
530 1706 584 1752 et
615 1699 930 1753 servituros
964 1698 1020 1752 ei
1061 1717 1132 1753 ea·
1167 1698 1302 1753 totis
1330 1695 1717 1773 praecordiis,
1754 1695 1879 1751 illis
1909 1694 2136 1751 tribuit
2166 1695 2370 1771 poeni-

279 1794 519 1846 tentiam
546 1789 649 1867 (2).
688 1790 743 1847 S.
775 1790 809 1847 J
817 1790 1035 1848 ustinus
1059 1791 1136 1849 M.
1170 1791 1266 1871 qui
1295 1790 1448 1848 inter
1475 1801 1661 1849 cetera
1688 1787 1886 1847 scribit
1918 1814 1936 1846 .·
1966 1789 2247 1866 Quicum
2270 1809 2371 1846 ra-

279 1887 429 1941 tione
459 1888 651 1941 vioeere
671 1929 687 1958 a
703 1884 1025 1942 christiani
1044 1894 1215 1958 sunt,
1247 1888 1523 1962 quamvis
1540 1884 1701 1940 athei
1719 1927 1733 1955 2
1762 1892 1818 1940 et
1837 1884 2071 1940 nullius
2092 1886 2370 1941 numinis

278 1979 520 2035 cultores
554 1979 752 2036 habiti
787 1990 931 2037 sum
953 2002 974 2044 ,⁰
1006 1980 1209 2057 quales
1245 1983 1405 2036 inter
1445 1978 1677 2037 Groecos
1702 1980 1874 2056 fuere
1912 1979 2203 2053 Socrates,
2241 1978 2369 2036 He-

280 2074 524 2130 raclitus
547 2084 718 2151 atque
750 2078 826 2132 iis
855 2075 1075 2131 similes
1101 2073 1206 2153 (3).
1239 2073 1474 2132 Censuit
1499 2073 1672 2152 igitur
1691 2116 1716 2144 ,
1754 2072 1878 2130 sine
1906 2072 2086 2151 gratia
2115 2071 2370 2152 potuisse

278 2165 536 2224 homines
568 2178 719 2226 recte
756 2167 1111 2249 honesteque
1135 2169 1347 2227 vivere.
1373 2169 1571 2248 Neque
1607 2166 1679 2225 ab
1705 2188 1772 2226 eo
1809 2166 2080 2225 dissentit
2100 2165 2370 2225 Clemens

280 2259 433 2318 Alex.
479 2262 575 2341 qui
608 2273 884 2342 praeterea
911 2261 1076 2321 docet
1101 2308 1116 2335 ,
1165 2274 1386 2322 veteres
1420 2261 1794 2343 philosophos
1835 2283 1866 2319 a
1894 2260 2258 2343 philosophia
2269 2265 2371 2339 ju-

280 2354 544 2413 stificatos
581 2356 752 2414 fuisse
793 2355 879 2436 (4)
903 2401 918 2430 ‚
959 2368 1131 2437 atque
1167 2356 1313 2414 illud
1341 2356 1788 2415 memorandum
1822 2355 2020 2414 subdit
2054 2379 2067 2414 :
2113 2358 2373 2435 Proepa—

281 2458 379 2503 rat
407 2470 535 2527 erqo
564 2451 943 2529 Philosophia
969 2454 1231 2531 (graeca)
1266 2457 1320 2510 ei
1357 2457 1521 2510 viam
1562 2457 1844 2510 muniens
1873 2496 1889 2526 .,
1923 2455 2032 2530 qui
2061 2473 2101 2509 a
2139 2451 2371 2510 Christo

271 2542 583 2617 perficitur
619 2543 728 2621 (5).
770 2546 850 2603 Ex
899 2547 1112 2605 Latinis
1153 2549 1212 2605 S.
1253 2545 1623 2619 AmbrosiuS,
1668 2546 1869 2606 ceteris
1916 2545 2138 2604 omissis
2179 2567 2192 2603 :
2232 2546 2371 2604 Ideo

283 2634 436 2692 hanc
461 2642 726 2714 qratiam
755 2683 770 2711 ‚
805 2639 1023 2720 inquit,
1064 2647 1288 2700 meruit
1321 2642 1644 2721 (Ecclesia)
1671 2664 1710 2699 a
1735 2642 1968 2701 Christo
1993 2684 2016 2713 ,
2046 2644 2196 2720 quia
2229 2641 2373 2700 Ver-

282 2729 429 2789 bum
457 2733 573 2791 Dei
608 2739 881 2811 quoesivit.
906 2779 921 2809 7
960 2738 1315 2796 desideravit
1339 2738 1447 2818 (6).
1482 2738 1538 2796 S.
1579 2738 1827 2818 Optatus
1863 2735 2105 2797 Milevit.
2129 2734 2365 2795 scribit:

350 2933 413 2995 (l)
450 2933 546 2982 Cfr.
582 2934 633 2984 S.
676 2936 866 3002 Prosper
905 2956 986 3003 pro
1027 2939 1280 3004 Augustino
1369 2944 1404 2990 ἐν
1426 2938 1722 3005 ‘'Eamne-tp&
1748 2939 1987 3008 Σωκράτης
2004 2938 2372 3009 καὶΗραίκλειτος

287 3023 443 3062 contra
482 3015 754 3066 Collatorem
791 3020 846 3066 ad
878 3020 1047 3069 calcem
1089 3039 1198 3086 opp.
1229 3021 1279 3070 S.
1364 3020 1440 3072 xa}
1473 3026 1508 3072 οἱ
1548 3019 1689 3086 ἔμοιοι
1723 3024 1886 3077 αὐτοῖς.

288 3093 545 3160 Augustini,
562 3107 673 3147 tom.
692 3116 749 3158 x,
765 3100 877 3150 edit.
897 3102 1043 3151 Maur.
1061 3121 1165 3169 cap.
1195 3119 1252 3152 12
1266 3141 1280 3164 ‚
1428 3107 1501 3171 (14)
1535 3107 1713 3158 Strom.
1734 3108 1816 3155 lib.
1835 3124 1852 3154 ι
1868 3144 1881 3166 ‚
1907 3125 1958 3156 n.
1996 3123 2058 3155 20
2079 3143 2093 3166 ‚
2122 3107 2234 3156 edit.
2261 3105 2373 3154 Pot-

289 3193 340 3224 n.
375 3177 437 3225 33
469 3188 512 3226 et
538 3196 666 3244 seqq.
688 3179 776 3227 Ubi
806 3182 925 3231 hanc
951 3184 1152 3250 aliasque
1180 3184 1282 3234 Cas·
1365 3189 1449 3235 teri
1471 3225 1484 3246 ‚
1513 3187 1679 3236 Venet.
1719 3186 1841 3253 ¹757
1865 3224 1878 3247 ,
1914 3196 2029 3239 tom.
2053 3204 2070 3235 1
2087 3226 2100 3248 ‚
2129 3206 2232 3254 pag.
2254 3188 2374 3254 377.

289 3259 404 3304 siani
430 3258 706 3322 objectiones
739 3262 921 3326 disjicit.
1434 3269 1497 3332 (ὅ)
1537 3268 1605 3316 lb.
1637 3287 1689 3317 n.
1725 3266 1789 3326 5,
1833 3287 1937 3333 pag.
1984 3270 2101 3319 331.
2139 3281 2375 3336 npoxaepae-

355 3338 421 3400 (2)
459 3338 562 3386 Lib.
585 3356 663 3397 ιιι,
685 3340 835 3390 Simil.
855 3361 963 3404 vm,
991 3364 1040 3396 n.
1070 3344 1134 3409 6,
1159 3348 1281 3413 apud
1365 3347 1575 3411 σκευάζει
1614 3346 1746 3398 τοίνυν
1786 3352 1810 3405 n‘
1866 3355 2144 3416 φιλοσοφίαι,
2186 3347 2376 3417 προοδο-

290 3416 1285 3490 Coteler.ScriptaPatrumApost.tom.1.
1366 3436 1553 3479 ποιοῦσα
1597 3427 1669 3479 τᾶν
1711 3428 1792 3479 ὀπὶ
1834 3438 2020 3499 Χριστοῦ
2059 3432 2374 3494 πλεκόμενον.

355 3499 430 3562 (3)
461 3500 736 3566 Apoloq.1‚
781 3522 828 3550 n.
867 3502 964 3567 46,
995 3507 1106 3555 edit.
1142 3508 1283 3558 Prud.
1368 3510 1502 3575 Quod
1535 3522 1579 3560 ct
1605 3515 1773 3577 saepius
1808 3514 1982 3563 ibidem
2006 3517 2190 3579 repetit.

290 3578 466 3628 Maran.
511 3583 565 3630 Οἱ
602 3604 722 3644 μετα
753 3582 808 3632 λα’
787 3607 887 3644 οουγ
907 3585 1174 3652 βιοσ-αιντες,
1191 3601 1293 3656 Xpe-
1444 3591 1504 3655 (6)
1540 3591 1686 3658 Apol.
1716 3608 1753 3642 11
1772 3593 1971 3656 David,
2007 3613 2107 3661 cap.
2128 3611 2192 3661 9,
2215 3613 2264 3644 n.
2286 3591 2377 3660 47.

292 3681 437 3710 ortano
441 3658 461 3710 ι’
485 3666 595 3726 εἰσ-ι,
624 3661 704 3713 κω
721 3661 834 3714 aaa
838 3687 851 3714 ι
877 3669 914 3715 ἐν
918 3672 1187 3731 «ι’μισθησοιν
1217 3667 1294 3719 οἱον
