2430 4056
2148 215 2260 274 151

402 234 559 272 mar.
608 236 650 270 1.
700 232 823 270 cAP.
871 233 953 273 lv.
1000 232 1069 268 DE
1113 232 1341 270 NATURA
1385 234 1451 269 ΕΤ
1492 232 1660 272 mvls.
1707 231 1868 271 GRAT.
1914 234 2036 271 E'rc.

245 379 384 440 328.
431 378 503 445 Et
535 375 662 439 haec
689 372 928 456 quidem
959 373 1021 431 in
1058 395 1175 433 suae
1223 393 1404 434 causae
1451 373 1842 454 patrocinium
1886 374 2263 455 Congruistae.

164 474 435 534 Ceterum
463 469 723 532 adversae
754 467 937 548 partis
972 466 1244 547 Theologi
1271 489 1394 526 non
1425 488 1607 549 pauca
1634 468 1962 549 excipiunt3
2002 491 2067 529 ac
2093 470 2267 552 potis-

165 569 380 631 simum
405 610 422 641 .,
458 563 615 646 quod
641 562 823 642 gratia
852 562 1137 624 versatilis
1171 563 1321 623 foret
1343 562 1405 622 in
1432 563 1713 642 ejusmodi
1738 575 2083 645 systemate3
2109 566 2269 648 quod

163 663 546 725 adversentur
582 657 773 717 eidem
805 678 934 739 quae
976 658 1289 739 Scripturae
1317 670 1377 718 et
1403 660 1602 719 Patres
1632 658 1704 718 de
1728 660 1923 739 gratiae
1958 661 2176 737 virtute
2201 683 2267 721 ac

164 755 410 819 efficacia
442 752 799 836 praedicant3
832 751 991 833 quod
1012 751 1218 812 eadem
1247 753 1510 837 oriantur
1541 774 1614 813 ex
1653 774 1722 812 eo
1750 754 2119 814 incommoda
2142 757 2270 837 qui-

160 850 399 918 busisti
437 848 788 908 contrariam
820 846 1174 912 sententiam
1209 847 1547 928 impetunt3
1582 847 1751 927 quia7
1792 849 1839 906 si
1873 850 2053 927 gratia
2080 891 2098 924 5
2142 870 2271 932 quae

160 945 457 1004 confertur
484 943 570 1003 illi
607 945 707 1024 qui
746 941 1104 1004 convertitur
1130 985 1146 1015 ,
1183 939 1393 1000 saltem
1417 940 1643 999 ratione
1675 940 1941 1000 beneficii
1958 948 2143 1021 major
2171 957 2271 1003 aut

160 1037 395 1100 uberior
427 1043 502 1097 sit
542 1059 607 1097 ea
632 1083 647 1112 ‚
682 1058 805 1110 quae
842 1036 1119 1097 tribuitur
1155 1033 1240 1092 illi
1271 1033 1379 1118 >qui
1416 1055 1538 1092 non
1565 1035 1961 1105 convertitur,
1997 1037 2157 1095 nulla
2183 1050 2271 1098 est

162 1154 330 1193 causa
348 1178 365 1207 ‚
413 1154 592 1214 quare
631 1133 738 1193 iste
767 1130 1054 1210 objurgari
1076 1129 1287 1210 possit,
1310 1127 1468 1210 quod
1493 1149 1553 1188 se
1579 1150 1701 1188 non
1725 1131 2078 1190 converterit
2101 1156 2116 1204 ς
2144 1131 2276 1191 alia-

162 1249 275 1310 que
298 1227 583 1306 ejusmodi
611 1237 950 1308 opponunt,
982 1243 1107 1306 quae
1135 1223 1378 1302 longum
1407 1234 1558 1283 esset
1585 1245 1887 1284 recensere
1911 1226 2019 1303 (l).

246 1324 386 1384 329.
424 1324 665 1383 Interim
692 1345 763 1382 ex
805 1322 895 1380 his
921 1343 1026 1380 nos
1067 1319 1466 1379 concludimus
1500 1366 1516 1394 ,
1550 1319 1721 1399 longe
1763 1333 2040 1402 praestare
2077 1342 2268 1403 quaes-

162 1420 384 1479 tionem
423 1419 576 1478 banc
610 1418 745 1477 satis
782 1415 1123 1490 obscuram,
1152 1435 1397 1497 quaeque
1429 1415 1545 1474 suis
1575 1414 2011 1474 difficultatibus
2036 1417 2098 1474 in
2121 1439 2269 1499 quo-

163 1515 252 1575 vis
291 1525 603 1595 systemate
638 1534 759 1572 non
796 1522 986 1585 caret⁷
1011 1511 1252 1569 omnino
1286 1508 1583 1584 deserere3
1615 1531 1749 1568 cum
1783 1510 2141 1591 impossibile
2176 1515 2269 1572 vi-

165 1609 374 1671 deatur
406 1631 578 1691 posse
610 1608 801 1669 eidem
841 1607 1147 1689 quaestioni
1182 1605 1404 1665 affundi
1435 1606 1766 1666 uberiorem
1797 1606 1985 1666 lucem
2021 1618 2155 1688 post
2180 1620 2267 1667 tot

165 1702 645 1788 disceptationes»,
680 1723 812 1785 quae
846 1712 1011 1761 tanta
1047 1702 1380 1760 animorum
1426 1702 1800 1761 contentione
1825 1701 1962 1761 hinc
1998 1702 2136 1762 inde
2158 1704 2271 1782 agi-

150 1809 286 1858 tatae
335 1810 496 1858 sunt.
537 1798 768 1859 Juverit
802 1807 1150 1879 propterea,
1202 1796 1294 1854 his
1346 1795 1597 1855 dimissis
1622 1843 1637 1872 7
1681 1796 1941 1878 profiteri
1991 1819 2124 1856 cum
2162 1801 2269 1857 Ec-

149 1893 318 1953 clesia
355 1892 651 1953 Catholica
679 1937 695 1966 ‚
733 1894 979 1973 gratiam
1038 1890 1330 1950 efficacem
1361 1890 1619 1950 libertati
1660 1891 1934 1950 humanae
1973 1891 2271 1974 haudqua-

152 2009 331 2070 quam
367 1987 666 2049 adversari
693 2032 710 2062 .‚
743 2008 876 2046 cum
900 1986 953 2045 ei
979 2004 1209 2067 semper
1248 1986 1431 2066 possit
1458 1985 1635 2043 homo
1679 1986 1943 2045 resistere
1968 2031 1983 2059 v
2016 2008 2177 2045 secus
2203 2008 2269 2046 ac

98 2143 102 2146 ,
152 2083 399 2142 doceant
435 2085 758 2142 Novatores
799 2093 859 2141 et
895 2081 1242 2140 Jansenistae
1280 2078 1353 2137 ab
1395 2079 1642 2139 Ecclesia
1684 2079 1897 2139 idcirco
1930 2082 2259 2163 proscripti.

155 2178 316 2238 Circa
361 2178 650 2237 rationem
687 2188 918 2252 autem,
957 2197 1070 2259 qua
1107 2174 1307 2256 gratiae
1348 2173 1599 2234 efficacia
1640 2186 1700 2234 et
1741 2175 1994 2235 hominis
2030 2176 2267 2236 libertas

152 2313 276 2362 dans
302 2313 383 2361 des
407 2315 753 2362 circumstances
765 2314 1014 2380 &pinenses
1033 2349 1047 2376 ,
1064 2311 1170 2360 leur
1249 2313 1411 2359 tienne
1418 2328 1545 2381 pour
1557 2312 1780 2361 accorder
1795 2312 2025 2361 ensemble
2040 2350 2052 2373 ,
2066 2315 2262 2360 suivant

151 2395 306 2444 credit
351 2412 412 2444 en
466 2395 687 2461 empecha
731 2395 779 2443 la
841 2394 1165 2461 publication.

150 2478 274 2527 Bene
307 2487 465 2527 tamen
501 2478 668 2526 Comes
699 2477 770 2525 De
816 2475 1035 2535 Maistre‚
1089 2474 1169 2523 De

154 2557 357 2625 l'quise
391 2557 646 2608 Gallicane
678 2596 692 2617 ‚
728 2560 839 2607 edit.
887 2559 944 2606 de
990 2557 1124 2623 Lyon
1151 2595 1165 2618 ,

158 2650 274 2692 tom.
319 2659 368 2700 1,
403 2641 486 2690 liv.
528 2658 574 2701 ι,
610 2643 751 2705 chap.
791 2657 855 2700 lx,
892 2637 963 2687 De
994 2639 1168 2687 Molina

157 2724 354 2787 ejusque
394 2731 634 2787 systemate
671 2722 769 2769 haec
815 2720 955 2768 habet
999 2737 1014 2767 ε
1084 2718 1168 2769 Un

157 2802 340 2851 homme
358 2801 414 2850 de
428 2804 567 2867 genie
581 2837 598 2863 ‚
618 2810 791 2850 auteur
806 2801 924 2849 d'un
945 2801 1161 2865 sysffime,

157 2876 210 2934 a·
225 2883 272 2932 la
292 2885 391 2949 fois
409 2883 770 2950 philosophique
805 2891 850 2931 et
885 2882 1131 2931 consolant
1151 2922 1164 2943 ‚

158 2981 243 3014 sur
290 2964 332 3013 le
368 2965 531 3030 doqme
577 2964 846 3014 redoutable
882 2966 970 3030 qui
998 2981 1029 3012 a
1063 2973 1170 3013 tant

152 3046 339 3111 fatique
379 3046 563 3113 l'esprit
597 3045 828 3108 humain,
857 3047 1055 3110 systeme
1081 3048 1170 3111 qui

160 3127 243 3174 n'a
253 3128 441 3190 Jamais
467 3131 537 3177 6εὲ
562 3127 825 3176 condamne
861 3137 904 3175 et
929 3130 1016 3193 qui
1038 3144 1099 3176 ne
1126 3127 1168 3176 le

159 3224 267 3256 sera
279 3210 474 3275 jamnis
487 3230 508 3268 ;
543 3226 629 3258 car
654 3218 756 3258 tout
780 3210 976 3274 systema
1000 3208 1168 3276 publi-

160 3298 380 3356 quement
394 3292 620 3356 meique
642 3291 764 3340 dans
788 3290 990 3356 l’quise
1008 3290 1169 3339 catho-

170 3371 298 3438 lique
317 3372 667 3438 pendanttrois
680 3372 842 3422 siecles
859 3411 871 3434 ‚
897 3389 1011 3421 sans
1034 3375 1172 3421 avoir

175 3457 246 3502 ete
282 3453 576 3517 condamus,
615 3471 677 3503 ne
711 3464 830 3521 peut
851 3457 946 3503 etro
973 3459 1172 3522 suppose

167 3535 510 3584 condamnable
525 3553 548 3598 ‚-
590 3537 787 3602 systema
829 3538 919 3602 qui
952 3542 1172 3602 presente

1250 2393 1316 2440 les
1337 2395 1491 2458 forces
1530 2394 1587 2442 de
1624 2404 1758 2443 notre
1783 2395 1935 2459 faihle
1962 2395 2263 2460 intelliqence

1251 2492 1325 2523 res
1352 2475 1468 2524 olim
1508 2474 1834 2525 dissociabiles
1851 2513 1866 2537 ,
1921 2477 2192 2525 libertatem
2221 2486 2266 2526 et

1242 2559 1600 2622 principatum.
1643 2557 1794 2624 Atque
1835 2561 1886 2606 in
1915 2568 2022 2607 nota
2062 2558 2123 2622 (3)
2153 2557 2263 2607 sub-

1250 2640 1319 2687 dit
1349 2656 1363 2687 :
1403 2639 1487 2686 On
1527 2642 1623 2688 sait
1664 2658 1754 2704 que
1793 2639 1973 2706 l'esprit
2005 2640 2062 2687 de
2086 2642 2257 2706 parti,

1248 2722 1337 2786 qui
1362 2738 1422 2769 ne
1438 2723 1601 2786 rouqit
1627 2722 1683 2769 de
1700 2723 1807 2769 rien
1827 2760 1839 2782 ‚
1870 2731 1938 2770 est
1956 2721 2262 2788 allejusqu'c'z

1242 2802 1494 2867 fabriquer
1526 2820 1618 2851 une
1652 2802 1777 2851 balle
1805 2805 1890 2868 qui
1917 2803 2267 2852 anathematise

1249 2901 1300 2933 ce
1328 2885 1544 2950 systeme.
1581 2884 1846 2934 Observons
1874 2902 1963 2950 que
1998 2901 2073 2933 ces
2113 2884 2262 2933 rebel·

1248 2964 1314 3014 les
1333 3003 1346 3026 ,
1370 2968 1458 3031 qui
1475 2966 1672 3015 bravent
1699 2966 1764 3014 les
1792 2966 1968 3014 decrets
1995 2965 2062 3013 du
2084 2964 2259 3015 Saint-

1250 3048 1392 3113 Sieqe
1409 3086 1423 3112 ,
1446 3040 1524 3096 ¹les
1558 3049 1737 3098 croient
1769 3047 2031 3114 cependant
2053 3041 2168 3096 d'un
2203 3047 2267 3096 tel

1241 3129 1386 3196 poids
1428 3129 1548 3178 dans
1589 3129 1716 3177 leurs
1749 3131 2043 3177 consciences
2061 3166 2075 3192 ,
2120 3132 2264 3195 qu'on

1250 3211 1315 3260 les
1346 3228 1483 3259 verra
1522 3210 1774 3259 descendre
1800 3212 2038 3278 jusqu’au
2069 3211 2163 3260 role
2203 3212 2265 3260 de

1243 3293 1487 3359 saussaire
1504 3309 1634 3359 pour
1666 3310 1715 3342 se
1739 3310 1971 3358 procurer
2006 3303 2076 3342 cet
2101 3310 2255 3342 avan-

1250 3383 1357 3440 taqe
1386 3383 1546 3423 contre
1572 3372 1700 3423 leurs
1740 3370 2056 3426 adversaii-es.
2111 3375 2264 3424 Ainsi

1252 3455 1454 3507 bruvant
1490 3455 1729 3506 l'autoritb,
1747 3492 1762 3520 ‚
1792 3455 1850 3505 ils
1884 3456 1931 3505 la
1949 3443 2224 3523 confessent.

1322 3539 1392 3603 (1)
1431 3536 1592 3589 videri
1606 3548 1797 3606 possunt
1810 3539 1932 3605 apud
1963 3550 2167 3603 auctores
2194 3541 2267 3588 ci-

160 3617 300 3682 apres
339 3625 440 3666 tout
467 3616 508 3665 le
539 3607 656 3685 plus
682 3616 895 3668 heureum
923 3620 1058 3685 effort
1087 3621 1175 3684 qui
1257 3622 1339 3670 tati
1362 3638 1444 3687 pro
1469 3630 1661 3687 utraque
1682 3623 1924 3671 sententia.

161 3699 236 3746 ait
271 3701 341 3747 ete
362 3698 459 3763 soit
492 3717 589 3766 par
634 3698 681 3750 la
703 3699 1003 3767 philosophie
1039 3700 1173 3749 chre-
