2540 4074
580 196 739 232 mn.
786 194 831 231 1.
875 191 998 232 cnr.
1038 192 1112 230 11.
1160 192 1229 230 nn
1274 189 1497 230 ena-rm
1539 190 1921 230 molismum.
2234 169 2308 228 71

208 357 486 417 ronymus
531 356 544 394 ε
578 336 682 396 Ea·
723 351 837 414 quo
865 337 1264 414 perspicuum
1311 331 1397 403 est
1420 375 1442 403 ,
1489 331 1681 413 inquit
1708 376 1724 406 7
1778 342 2004 390 natura
2036 331 2316 391 omnihus

211 435 400 491 ine-'sse
421 422 543 492 Dei
564 433 838 488 notitiam
858 473 873 502 7
918 448 1025 486 nee
1062 435 1422 506 quemquam
1469 432 1598 486 sine
1630 427 1854 485 Christo
1884 430 2085 496 masei,
2121 437 2176 484 et
2196 447 2316 484 non

212 526 425 585 habere
468 527 698 583 semina
737 528 806 581 in
841 543 897 582 se
920 527 1230 601 sapientiae
1267 531 1320 581 et
1347 525 1616 599 justitiae
1669 524 2161 601 reliquarumque
2198 526 2318 579 vir-

186 628 450 682 tumme.
495 619 660 678 Unde
684 622 869 677 multi
890 619 1106 696 absque
1123 619 1237 697 fide
1266 617 1654 697 etEvanyelio
1674 617 1902 676 Christi
1914 623 2002 676 vel
2020 620 2322 696 sapienter

188 716 451 793 fheitm't
507 714 720 792 aliqua
771 714 859 770 vel
919 717 1162 784 sancte,
1218 718 1292 770 ut
1343 713 1711 791 parentibus
1760 713 2202 792 obsequantur,
2249 721 2320 770 ut

207 812 383 887 inopi
401 816 656 866 manum
686 811 1009 887 porrz'ya-nt
1035 831 1056 877 4,
1099 821 1219 864 non
1251 800 1605 884 opprimant
1634 808 1860 864 vicinos
1888 850 1902 878 7
1950 827 2073 864 non
2112 793 2316 863 aliena

207 902 520 980 diripiant
554 900 667 981 (1).
712 903 860 960 Hinc
908 902 965 959 S.
1005 899 1255 958 Thomas
1282 944 1298 973 7
1350 915 1420 958 ex
1454 912 1520 957 eo
1565 897 1720 979 quod
1750 899 1813 956 i'n
1839 898 2168 957 infidelibus
2198 920 2318 958 non

207 992 452 1054 omnino
482 1007 823 1077 corruptum
859 995 931 1053 sit
961 992 1186 1052 honum
1208 997 1433 1051 naturae
1459 1038 1474 1065 7
1524 990 1816 1050 concludit
1859 1014 1872 1048 ε
1918 994 2315 1069 Manifestum

205 1102 324 1163 est,
366 1093 528 1171 quod
559 1092 885 1168 infideles..
926 1102 1107 1168 opera
1153 1089 1308 1146 hona
1323 1132 1347 1159 ,
1396 1088 1481 1145 ad
1514 1101 1645 1166 quoe
1687 1088 1897 1165 suffieit
1936 1089 2162 1146 donum
2200 1111 2316 1146 na-

205 1196 390 1259 turoe7
418 1188 766 1264 aliqualiter
794 1186 1038 1264 operari
1053 1193 1330 1261 possunt.
1387 1183 1552 1242 Unde
1587 1204 1709 1241 non
1751 1193 1973 1261 oportet
1995 1227 2010 1256 7
2051 1184 2211 1261 quod
2246 1188 2316 1240 in

205 1285 376 1339 omm’
404 1302 510 1338 suo
544 1301 711 1359 opere
740 1289 983 1359 peccent
1013 1277 1121 1357 (2).

291 1374 426 1433 142.
475 1375 641 1433 Ratio
666 1375 788 1455 ipsa
835 1372 1111 1432 abhorret
1144 1370 1217 1430 ab
1262 1370 1370 1429 hoc
1412 1370 1742 1452 paradoxo,
1783 1371 2044 1452 illudque
2083 1373 2316 1453 penitus

134 1522 138 1527 .
208 1469 439 1528 evertit.
482 1471 547 1526 In
577 1467 886 1550 hypothesi
926 1467 1083 1526 enim
1114 1463 1578 1524 adversariorum
1618 1460 1896 1538 infidelis,
1930 1467 2029 1546 qui
2056 1465 2163 1523 sibi
2196 1467 2315 1525 vim

73 1603 79 1610 -
126 1604 128 1609 2
208 1562 450 1622 inferret
486 1562 561 1620 ad
600 1561 990 1644 superandam
1026 1561 1244 1621 vitiosae
1267 1571 1489 1618 naturae
1510 1558 1949 1619 inclinationem
1981 1605 1995 1634 7
2033 1561 2130 1640 qui
2156 1581 2317 1619 com-

206 1658 574 1716 miseratione
597 1667 918 1716 commotus
941 1658 1150 1735 stipem
1179 1654 1466 1733 indigenti
1489 1654 1772 1713 tribueret
1793 1700 1807 1728 7
1851 1655 1951 1735 qui
1985 1656 2317 1734 proximum

111 1815 113 1817 .
205 1751 280 1810 ab
308 1753 641 1810 imminenti
671 1751 875 1810 mortis
902 1749 1155 1832 periculo
1186 1748 1460 1808 liberaret
1481 1794 1495 1823 7
1532 1750 1630 1830 qui
1672 1749 2088 1830 obsequeretur
2113 1770 2318 1830 paren-

203 1844 358 1902 tibus
379 1889 394 1918 7
416 1846 675 1925 ipsorum
691 1842 1126 1903 necessitatibus
1143 1843 1482 1903 subveniret
1505 1888 1521 1915 ,
1543 1845 1791 1923 atqueid
1815 1867 1993 1923 genus
2010 1843 2119 1902 alia
2143 1866 2314 1924 pera—

202 1949 383 2017 geret7
411 1927 662 1997 deterior
690 1939 854 1996 fieret
885 1958 1077 1996 coram
1108 1940 1250 1995 Deo.
1290 1937 1730 1995 Consulendum
1763 1938 2010 2019 proinde
2035 1941 2086 1998 ei
2125 1950 2276 1997 esset
2298 1984 2314 2012 7

203 2055 383 2115 quum
420 2033 582 2092 nullo
609 2035 927 2116 praesertim
956 2028 1280 2113 impellitur
1308 2043 1601 2113 praecepto
1619 2076 1638 2103 ,
1671 2044 1738 2090 ut
1764 2032 1836 2090 ab
1871 2035 1938 2091 iis
1963 2055 2022 2092 se
2054 2034 2318 2093 retrahe-

201 2141 329 2204 ret7
370 2151 445 2189 ne
476 2130 541 2187 in
567 2140 870 2212 peccatum
907 2128 1223 2202 incideret
1260 2149 1324 2186 ac
1349 2149 1590 2209 poenam
1630 2128 1770 2186 inde
1807 2131 2188 2210 promeritam
2220 2130 2314 2187 in-

202 2234 504 2297 curreret·
562 2245 688 2305 quae
737 2246 913 2304 quam
961 2204 1212 2281 absurda
1265 2223 1418 2294 sint7
1465 2223 1727 2281 societati
1766 2223 2094 2304 perniciosa
2142 2235 2316 2304 atque

202 2340 234 2377 a
277 2319 576 2379 communi
618 2318 926 2377 hominum
967 2339 1140 2387 sensu
1193 2329 1252 2376 et
1296 2319 1678 2376 aestimatione
1732 2317 1962 2392 aliena7
2010 2339 2184 2375 nemo
2228 2328 2316 2375 est

106 2430 110 2433 ’
200 2414 300 2495 qui
327 2436 447 2473 non
478 2413 690 2474 videat.
714 2413 940 2471 Deinde
965 2412 1105 2493 quid
1120 2422 1315 2484 vetat'7
1336 2412 1647 2492 quominus
1672 2412 1848 2476 homo
1870 2457 1885 2486 7
1910 2424 2064 2470 recta
2086 2413 2314 2470 ratione

201 2520 371 2568 utens
392 2555 408 2584 7
441 2511 729 2568 actionem
749 2508 937 2567 eliciat
957 2554 973 2582 7
996 2529 1126 2588 quae
1151 2528 1222 2565 ex
1237 2528 1296 2564 se
1317 2552 1334 2580 7
1359 2529 1458 2565 seu
1483 2507 1675 2587 quoad
1695 2529 1860 2565 suam
1880 2507 2275 2566 substantiam
2297 2552 2312 2581 7

204 2600 358 2663 bona
386 2605 461 2664 sit
501 2626 566 2663 ac
590 2604 833 2682 honesta
857 2649 872 2678 7
904 2614 963 2661 et
991 2624 1059 2661 ex
1088 2601 1332 2660 honesto
1356 2603 1471 2660 fine
1496 2603 1605 2683 ipsi
1636 2590 2071 2683 quodammodo
2094 2603 2276 2660 insito
2298 2647 2313 2674 7

207 2685 524 2778 cujusmodi
547 2711 696 2759 esset
710 2700 922 2781 stipem
937 2718 1169 2777 erogare
1190 2697 1263 2755 ad
1291 2696 1545 2755 alienam
1560 2697 1984 2758 sublevandam
2000 2698 2267 2779 inopiam
2283 2695 2314 2755 ¹?

206 2790 416 2854 Nonne
445 2797 507 2854 in
546 2794 656 2855 hoc
690 2807 795 2868 qaut
836 2795 946 2853 alio
983 2793 1156 2855 simili
1189 2815 1323 2851 casu
1366 2795 1513 2852 actio
1551 2794 1797 2854 honesta
1843 2806 1970 2854 tum
2018 2816 2089 2854 ex
2127 2794 2311 2853 officio

205 2900 333 2948 tum
358 2910 428 2949 ex
456 2891 574 2950 fine
600 2891 866 2972 proximo
890 2888 1249 2948 haberetur?
1286 2890 1463 2948 Porro
1490 2890 1622 2948 finis
1646 2936 1662 2964 7
1699 2890 1797 2972 qui
1825 2890 2089 2971 proxime
2124 2888 2313 2948 bonus

206 3098 359 3131 sensu.
398 3080 530 3130 Addo
554 3118 568 3140 7
609 3084 680 3147 agi
738 3082 814 3130 hic
855 3081 912 3129 de
940 3081 1102 3145 sacto,
1142 3096 1226 3128 nec
1307 3090 1430 3128 trum
1466 3082 1722 3129 testimonia
1742 3116 1755 3140 7
1788 3095 1891 3145 quae
1922 3079 2044 3127 hanc
2076 3082 2314 3128 veritatem

208 3164 406 3228 potuisse
437 3162 484 3211 S.
513 3163 758 3212 Doctorem
789 3163 1018 3211 affirmare
1037 3200 1051 3222 7
1085 3160 1223 3211 mulla
1304 3163 1544 3210 adstruunt
1569 3195 1586 3221 ‚
1639 3162 1736 3209 vid.
1789 3160 1912 3226 apud
1961 3161 2179 3211 Bellarm.
2231 3160 2313 3208 De

197 3260 398 3310 prorsus
423 3243 637 3295 infideles
663 3262 800 3311 opera
820 3244 997 3293 efficere
1026 3247 1222 3309 potuisse
1300 3251 1422 3307 qrat.
1464 3252 1508 3290 et
1546 3242 1634 3291 lib.
1665 3242 1770 3291 arb.
1805 3243 1892 3292 lib.
1926 3261 1954 3290 v
1973 3278 1986 3301 7
2018 3260 2122 3307 cap.
2153 3258 2206 3309 9.

206 3327 372 3375 nisiex
391 3334 600 3391 perverso
623 3327 736 3376 fine.
758 3327 855 3381 Hoc
869 3329 992 3375 enim
1014 3337 1220 3375 constare
1370 3325 1437 3390 (2)
1472 3333 1540 3384 2⁸,
1576 3333 1652 3386 2⁸⁸,
1688 3343 1739 3391 q.
1777 3339 1836 3372 ιο
1856 3362 1869 3384 ,
1907 3342 1951 3373 a.
1987 3321 2053 3388 4,
2085 3327 2165 3389 qui
2193 3333 2314 3372 totus

206 3423 302 3456 non
334 3413 482 3473 potest
520 3411 609 3456 nisi
649 3412 732 3458 uni
771 3410 1081 3457 humanorum
1115 3425 1216 3457 cor
1299 3417 1368 3456 est
1404 3407 1461 3455 de
1495 3407 1586 3455 h‘oc
1621 3416 1932 3471 argument03
1983 3408 2146 3473 quaerit
2184 3406 2311 3453 enim

207 3489 337 3538 dium
364 3490 636 3550 scrutatori,
671 3493 753 3557 qui
780 3487 907 3539 De'us
929 3499 1015 3539 est.
1297 3485 1349 3539 S.
1385 3488 1591 3537 Doctort‘
1638 3487 1816 3539 Utrum
1836 3489 1996 3537 omnis
2033 3488 2160 3535 aetio
2197 3483 2312 3552 infi-

275 3570 340 3634 (l)
367 3571 553 3620 Comm.
567 3573 622 3620 in
634 3577 743 3638 cap.
761 3566 955 3639 tEpffl‘.
973 3569 1038 3619 acl
1052 3568 1212 3621 Galat.
1297 3569 1416 3618 delia
1443 3573 1510 3620 sit
1530 3571 1818 3639 peccatum3
1843 3570 2269 3638 respondetautem
2291 3585 2307 3616 ε

209 3670 322 3719 pag.
355 3654 489 3721 391,
519 3655 625 3704 edit.
657 3653 872 3704 Vallatsi.
898 3648 1094 3720 Reliqua
1126 3652 1214 3703 Pa·
1296 3645 1545 3718 Neqative.
2211 3675 2215 3679 ·
