2540 4074
475 246 633 285 nar.
676 247 717 283 1.
761 243 881 284 cu.
928 245 1012 283 111.
1056 245 1124 284 DE
1166 245 1520 284 caninum
1563 246 1802 284 curm.
2076 221 2189 283 113

190 387 328 447 234.
373 385 515 464 Obj's
535 383 803 444 secunda.
837 385 1126 459 Catholica
1154 386 1411 446 doctrina
1430 383 1519 446 ‘dc
1544 375 2192 468 dispensatione'gratiae

113 503 185 541 ex
213 479 338 554 ‘solo
376 479 573 540 divino
612 477 973 559 beneplacito
997 526 1012 554 7
1053 479 1224 539 nulla
1248 479 1444 539 habita
1483 482 1705 540 ratione
1742 480 2191 562 praecedentium

115 595 354 656 operum
375 580 401 646 ‚¹
425 578 545 646 ‘nos'
572 571 804 630 deducit
844 574 903 630 in
947 572 1193 632 absurda
1231 575 1433 637 virtuti
1475 575 1811 655 perniciosa.
1863 575 2194 633 Etenim-10

113 667 346 726 homini:
360 666 515 724 idem
550 677 698 724 esset
732 668 851 726 sive
879 667 940 724 in
965 668 1124 725 omni
1158 667 1430 728 vitiorum
1456 689 1621 726 coeno
1655 667 2011 727 volutaretur
2030 714 2045 743 7
2077 669 2197 729 sive

114 762 399 838 integrum
438 780 498 819 se
522 757 594 817 ab
618 760 773 818 omni
806 760 1246 840 inquinamento
1274 772 1555 834 servaret3
1595 782 1727 819 cum
1750 774 1946 821 tamen
1972 763 2200 843 experi-

29 935 31 937 .
103 862 314 913 m‘ento
347 861 708 934 compertum
731 854 839 927 sit7
876 854 1138 912 homines
1167 854 1619 933 corruptissimos
1658 853 1826 934 longe
1864 858 2200 917 remotiores

107 961 238 1006 'esse
274 947 454 1006 afide
491 946 602 1005 illis
632 992 648 1021 7
692 949 787 1028 qui
843 947 1146 1006 honestam
1187 967 1250 1005 ac
1292 948 1694 1025 morigeratam
1729 951 1911 1007 vitam
1967 952 2195 1011 vivunt.

118 1041 187 1100 2⁰
203 1040 441 1100 Nullum
466 1041 774 1100 discrimen
796 1041 1173 1100 intercederet
1201 1042 1352 1099 inter
1379 1062 1473 1099 eos
1494 1087 1509 1113 7
1535 1043 1635 1121 qui
1669 1063 1740 1100 ex
1770 1043 2053 1103 destinata
2079 1069 2205 1104 ma·-

92 1195 99 1199 ,
119 1134 242 1193 litia
263 1134 611 1215 delinquunt
630 1179 645 1208 7
674 1147 731 1193 et
753 1157 871 1208 eos7
903 1138 1001 1215 qui
1025 1156 1093 1193 ex
1114 1135 1435 1213 ignorantia
1457 1146 1557 1192 aut
1574 1136 1909 1195 infirmitate
1931 1144 2170 1218 peccant
2191 1166 2207 1214 ς

110 1230 254 1288 'cum
281 1240 479 1288 tamen
511 1228 814 1311 Apostolus
837 1228 907 1286 de
935 1250 993 1286 se
1020 1230 1390 1309 profiteatur:
1428 1229 1914 1289 Misericordiam
1938 1234 2056 1290 Dei
2077 1256 2208 1293 con-

127 1335 354 1384 secutus
390 1346 525 1382 sum
545 1369 560 1396 7
595 1328 741 1402 quia
767 1328 1050 1402 iqnorans
1078 1326 1200 1401 feci
1223 1326 1292 1380 in
1317 1325 1748 1382 incredulitate.
1778 1324 1841 1381 30
1862 1328 2049 1406 Atque
2076 1327 2212 1387 hinc

135 1432 224 1480 est
253 1419 408 1500 quod
439 1420 493 1476 S.
519 1417 766 1476 Thomas
805 1417 1017 1498 passim
1052 1416 1250 1475 doceat
1274 1462 1288 1491 7
1322 1439 1454 1475 eum
1478 1463 1492 1491 7
1531 1420 1628 1498 qui
1657 1419 1718 1475 in
1753 1419 1924 1498 sylvis
1961 1422 2034 1478 sit
2075 1444 2214 1480 enu-

136 1517 305 1575 tritus
330 1526 390 1574 et
423 1515 618 1572 omnia·
658 1513 791 1591 legis
828 1512 1104 1571 naturalis
1141 1525 1427 1593 praccepta
1477 1525 1702 1586 servet7
1750 1536 1781 1571 a
1823 1518 1941 1573 Deo
1975 1517 2215 1576 minime

118 1608 657 1690 ‘derelinquendum
681 1653 696 1681 7
729 1607 830 1666 sed
854 1619 953 1665 aut
991 1628 1094 1688 per
1131 1606 1532 1685 Evangelicum
1572 1609 1929 1687 operarium7
1969 1621 2069 1667 aut
2103 1632 2207 1691 per

139 1703 422 1783 Angelum
455 1704 626 1762 etiam
646 1747 661 1775 7
689 1713 787 1759 aut
812 1723 915 1782 per
947 1702 1238 1760 internam
1265 1701 1679 1760 revelationem
1708 1702 2066 1760 edocendum
2099 1725 2219 1762 esse

139 1799 449 1858 necessaria
489 1797 562 1855 ad
595 1795 946 1854 credendum
975 1795 1087 1876 (l).
1130 1795 1194 1852 40
1232 1791 1481 1853 Demum
1518 1807 1813 1874 receptum
1863 1809 1951 1855 est
1996 1797 2220 1856 celebre

139 1893 363 1951 axioma
387 1892 449 1948 in
484 1890 688 1948 scholis
730 1888 1017 1947 catholicis
1059 1910 1163 1968 per
1199 1900 1525 1947 tercentum
1567 1890 1932 1948 continenter
1981 1913 2162 1949 annos
2203 1914 2216 1948 :

135 1988 410 2046 Facienti
443 1985 602 2062 quod
624 1988 693 2041 in
721 2004 777 2041 sc
813 1994 894 2040 est
918 2027 932 2054 7
963 1985 1127 2041 Deus
1154 2003 1271 2040 non
1304 1984 1547 2061 denegat
1570 1989 1855 2062 qratiam.
1890 1985 2059 2056 Quod
2092 1987 2223 2065 qui-

100 2157 104 2160 l
142 2080 276 2139 dem
308 2078 542 2137 effatum
573 2099 705 2136 cum
731 2077 1093 2157 potissimum
1117 2076 1376 2135 infideles
1399 2078 1692 2155 negativos
1722 2079 1986 2156 respiciat
2011 2123 2027 2152 7
2062 2079 2134 2137 de
2157 2101 2223 2138 eo

142 2174 458 2234 necessario
491 2172 700 2252 exponi
735 2170 909 2229 debet
923 2214 943 2242 ,
982 2171 1080 2251 qui
1108 2171 1241 2228 facit
1267 2170 1422 2250 quod
1448 2172 1509 2228 in
1534 2192 1593 2229 50
1617 2182 1702 2229 est
1731 2194 1798 2229 ex
1838 2184 2057 2231 naturae
2089 2174 2227 2233 viri-

140 2267 249 2326 bus
277 2313 293 2340 7
327 2287 424 2326 seu
453 2267 625 2325 ctiam
646 2310 661 2339 7
701 2266 746 2322 si
781 2264 980 2335 lubet,
1017 2285 1088 2323 ex
1115 2263 1331 2324 viribus
1367 2277 1587 2323 naturae
1629 2287 1733 2346 per
1770 2267 2010 2344 gratiam
2043 2266 2230 2325 medi-

143 2361 385 2439 cinalem
420 2360 500 2418 ad'
527 2359 839 2417 difficiliora
875 2368 932 2416 et
976 2358 1152 2416 ardua
1186 2358 1509 2438 praestanda
1546 2359 1782 2435 adjutis3
1827 2382 1952 2439 quae
1993 2360 2230 2440 quidem

145 2457 322 2535 gratia
358 2455 463 2513 etsi
505 2475 610 2534 per
649 2453 942 2512 Christum
979 2451 1203 2524 detur7'
1231 2475 1352 2510 non
1401 2452 1591 2511 elevat
1632 2464 1827 2510 tamen
1874 2454 2122 2511 actiones
2156 2452 2231 2511 ad

146 2550 410 2609 ordinem
445 2547 983 2630 supernaturalem3
1023 2547 1182 2604 nulla
1221 2548 1376 2605 enim
1409 2558 1542 2604 ante
1577 2547 1710 2605 fidei
1750 2549 2111 2606 vocationem
2134 2547 2230 2604 da-

149 2655 246 2703 tur
259 2644 446 2722 ‘gratia
470 2640 917 2723 supernaturalis
942 2641 1137 2700 stricte
1165 2653 1394 2722 sumpta
1416 2666 1431 2713 ς
1453 2640 1704 2721 alioquin
1719 2641 1946 2698 nullum
1973 2663 2232 2722 unquam

148 2759 291 2819 opus
316 2758 472 2797 mere
503 2735 765 2795 naturale
803 2734 1007 2794 saltem
1048 2734 1329 2794 difficilius
1355 2734 1618 2807 daretur,
1649 2746 1821 2815 atque
1861 2736 2113 2794 actiones
2137 2737 2230 2792 in-

148 2829 907 2912 fideliumfflsupernatural'es
935 2839 1159 2903 essent7
1198 2829 1354 2910 quod
1379 2850 1553 2887 nemo
1586 2829 1757 2887 dicct.
1791 2829 1855 2885 50
1893 2831 2012 2887 Hoc
2043 2829 2232 2910 reipsa

148 2948 319 2986 sensu
349 2936 571 2988 veteres
598 2926 716 2984 fere
753 2945 954 2983 omnes
989 2923 1404 2983 intellexerunt
1425 2923 1581 2982 istud
1608 2924 1830 2981 axioma
1862 2946 1877 2995 ς
1914 2923 2031 2980 imo
2073 2934 2132 2981 et
2161 2944 2230 2981 ex

222 3088 284 3152 (l)
323 3084 383 3151 Q.
409 3104 484 3135 xiv
503 3125 516 3148 7
541 3086 598 3134 de
623 3087 676 3136 V
673 3087 780 3137 erit.
805 3096 892 3134 art.
923 3103 970 3134 xl
986 3123 999 3147 ,
1025 3086 1082 3134 ad
1107 3101 1124 3133 ι
1140 3122 1153 3136 .
1235 3085 1356 3134 mali
1373 3121 1387 3145 7
1418 3085 1674 3133 certissime
1701 3092 1768 3131 est
1794 3083 2048 3132 tenendum
2062 3119 2078 3144 7
2097 3084 2239 3148 'quod

157 3169 231 3216 En
257 3170 355 3234 ejus
375 3167 511 3217 verba
542 3184 554 3215 ι
582 3166 691 3216 Hoc
711 3168 775 3215 ad
798 3167 1016 3215 divinam
1038 3183 1156 3232 pro·
1239 3170 1286 3215 ei
1311 3167 1450 3214 Deus
1476 3165 1548 3213 vel
1565 3182 1656 3230 per
1683 3167 1925 3213 internam
1953 3167 2236 3231 inspiratio-

156 3247 420 3298 videntium
442 3249 650 3314 pertinet
672 3285 685 3309 7
721 3256 775 3295 ut
818 3246 1012 3295 cuilibet
1042 3265 1156 3313 pro·
1238 3264 1346 3294 nem
1382 3246 1605 3294 revelaret
1635 3262 1720 3306 ea,
1755 3263 1859 3310 quoe
1899 3255 2010 3293 sunt
2042 3247 2107 3293 ad
2138 3264 2238 3294 cre-

159 3330 319 3379 videasst
337 3329 394 3376 de
411 3330 690 3376 necessariis
704 3328 767 3377 ad
780 3327 976 3377 salutem
990 3367 1003 3388 7
1023 3328 1157 3375 dnm-
1239 3327 1446 3376 ciendum
1478 3329 1742 3374 necessaria
1764 3365 1776 3386 7
1799 3327 1873 3374 vel
1899 3327 2104 3392 aliquem
2121 3328 2241 3392 fidei

160 3411 295 3460 modo
330 3427 388 3457 ex
420 3418 561 3476 parte
590 3412 691 3476 ejus
717 3427 813 3458 non
847 3409 1156 3475 impediatur.
1234 3409 1596 3474 proedicatorem
1626 3408 1690 3455 ad
1713 3425 1820 3456 eum
1846 3408 2096 3472 diriqeret,
2116 3413 2242 3457 elcut

162 3492 224 3543 Si
254 3494 389 3547 *enim
427 3490 638 3555 aliquis,
672 3491 829 3539 taliter
871 3494 964 3554 (in
997 3490 1159 3556 sylvis)
1244 3491 1379 3537 misit
1422 3489 1624 3536 Petram
1666 3489 1730 3537 ad
1779 3488 2072 3540 Cornelium.
2116 3490 2237 3555 Opp.

163 3574 375 3622 nutritus
393 3609 407 3632 7
440 3572 634 3620 ductum
677 3570 915 3620 naturalis
959 3572 1164 3619 rationis
1247 3581 1361 3620 tom.
1392 3560 1472 3620 tim
1494 3607 1508 3632 7
1538 3581 1656 3635 part.
1689 3586 1725 3618 11
1744 3607 1758 3632 ,
1792 3570 1902 3620 edit.
1921 3570 2065 3622 Rom.
2093 3569 2239 3635 1570.

165 3660 433 3722 gequeretur
469 3654 525 3700 in
567 3654 781 3719 appetitu
810 3653 923 3702 boni
968 3659 1012 3700 et
1043 3651 1164 3718 fuya

271 3746 490 3805 ·T.v.
1820 3717 1823 3721 ’
1975 3744 2011 3800 8
