2540 4074
320 211 397 270 64
1079 229 1271 272 Tmo-r„
1312 229 1382 266 DE
1426 227 1656 264 caum.

320 383 515 433 amore
556 369 761 430 mundi
788 415 804 444 .,
841 389 1084 449 cumque
1119 367 1278 426 nulla
1301 389 1373 426 ex
1398 387 1595 440 amore
1619 366 1723 425 Dei
1747 365 1894 425 actio
1923 363 2050 424 elici
2073 363 2252 444 possit
2273 362 2409 422 abs-

322 491 434 551 que
474 467 651 548 gratia
672 511 688 541 .‚
718 464 973 545 sequitur
998 507 1014 536 ,
1044 483 1280 521 omnem
1324 462 1647 532 actionem,
1685 458 1903 540 absque
1927 459 2123 538 gratiae
2158 455 2411 516 subsidio

320 563 568 624 elicitam
591 605 607 636 ‚
660 558 871 617 malam
924 577 988 615 ac
1043 557 1310 616 vitiosam
1352 575 1504 613 esse.
1565 553 1629 612 3⁰
1683 550 1851 626 Quod
1893 552 2129 634 quidem
2187 573 2258 610 ex
2301 551 2412 610 alio

322 659 380 717 S.
424 653 719 734 Augustini
755 650 1037 733 principio
1071 650 1477 721 confirmatur,
1511 668 1626 728 quo
1656 646 1940 719 adstruit,
1977 647 2195 729 absque
2230 647 2410 727 gratia

321 771 517 812 veram
542 749 723 806 inesse
753 747 815 804 in
851 745 1087 804 homine
1134 743 1293 824 lapso
1336 742 1737 801 necessitatem
1768 742 2044 822 peccandi
2087 765 2100 800 ε
2142 742 2414 801 Multum

316 865 484 902 erras
510 887 526 916 ‚
563 854 628 900 ut
655 841 912 922 loquitur
954 850 1155 898 contra
1191 830 1489 897 ‚Iulianum
1518 882 1533 910 .,
1574 840 1688 915 qui
1719 838 1809 894 vel
1839 841 2239 896 necessitatem
2277 837 2413 894 ‘nul-

318 942 441 998 lam
471 948 656 1018 putas
694 958 806 994 esse
837 935 1135 1014 peccandi
1163 979 1179 1007 a
1220 934 1307 991 vel
1336 954 1466 990 eam
1503 952 1624 990 non
1656 932 1942 1011 intelliyis
1980 933 2144 990 illius
2174 935 2416 1010 peccati

318 1055 431 1091 esse
449 1053 693 1111 poenam
708 1074 728 1102 ,
762 1031 921 1109 quod
952 1030 1123 1086 nulla
1173 1032 1508 1086 necessitate
1548 1029 1929 1084 commissum
1969 1036 2058 1083 est
2085 1026 2178 1107 (l)
2207 1051 2223 1100 ς
2253 1026 2411 1107 quod

319 1138 378 1186 et
402 1126 606 1207 saepius
636 1125 846 1205 repetit
869 1168 883 1196 a
917 1124 1036 1182 sive
1065 1143 1195 1180 cum
1234 1121 1298 1179 40
1327 1121 1502 1179 tradit
1528 1167 1543 1195 ,
1579 1119 1803 1179 nullam
1838 1120 1960 1179 sine
1982 1121 2162 1199 gratia
2190 1141 2313 1180 esse
2347 1122 2415 1180 in

318 1222 551 1279 homine
574 1219 734 1300 lapso
762 1217 1090 1276 libertatem
1117 1217 1191 1275 ad
1216 1215 1434 1275 bonum
1467 1215 1552 1296 (2)
1575 1262 1589 1290 .,
1616 1216 1732 1276 sive
1757 1236 1890 1273 cum
1919 1218 1984 1275 50
2012 1213 2180 1274 docet
2202 1214 2414 1275 adver-

318 1337 412 1372 sus
440 1313 707 1373 eumdem
753 1315 786 1371 J
792 1311 1050 1370 ulianum
1075 1357 1090 1386 7
1115 1311 1344 1370 nullum
1380 1333 1524 1392 opus
1553 1310 1775 1368 bonum
1811 1310 2004 1369 sterile
2034 1331 2156 1369 esse
2184 1356 2199 1385 .,
2228 1322 2294 1369 ut
2315 1310 2415 1371 ille

318 1406 701 1466 contendebat
728 1451 744 1481 ,
775 1406 877 1465 sed
911 1404 1211 1486 quodlibet
1232 1405 1455 1464 bonum
1482 1427 1624 1485 opus
1666 1405 1986 1485 promereri
2023 1405 2204 1465 vitam
2244 1417 2415 1465 aeter-

317 1523 484 1574 nam3
539 1502 695 1560 unde
742 1499 1111 1558 manifestum
1159 1501 1226 1558 fit
1255 1545 1270 1573 ,
1333 1499 1563 1557 nullum
1608 1521 1752 1580 opus
1791 1498 2014 1557 bonum
2069 1500 2192 1559 sine
2232 1500 2415 1579 gratia

310 1600 474 1673 juxta
508 1596 564 1652 S.
598 1595 978 1674 Augustinum
1013 1595 1136 1652 fieri
1164 1615 1371 1676 posse3
1418 1593 1673 1674 alioquin
1694 1615 1799 1674 per
1822 1616 1965 1675 opus
1997 1594 2293 1653 moraliter
2314 1594 2415 1653 ho-

316 1701 549 1747 nestum
579 1689 842 1749 homines
880 1699 1353 1769 promererentur
1385 1689 1564 1749 vitam
1602 1700 1924 1760 aeternam,
1971 1709 2131 1747 secus
2170 1710 2235 1748 ac
2270 1688 2413 1749 fides

319 1784 536 1843 doceat.
566 1785 731 1862 Ergo.

400 1878 534 1937 123.
582 1880 753 1959 Resp.
796 1877 870 1935 ad
905 1879 1005 1952 1¹11,
1047 1879 1205 1936 Dz'sc.
1245 1879 1366 1936 Nisi
1403 1879 1586 1936 amori
1610 1878 1713 1936 Dei
1751 1877 2164 1937 subordinetur
2191 1878 2285 1940 vel
2310 1901 2414 1939 na-

325 1973 490 2031 turali
537 1972 632 2031 vel
667 1971 1092 2052 supernaturali
1119 2017 1134 2046 ,
1182 1993 1370 2045 conc.;
1410 1971 1837 2053 supernaturali
1867 1982 2095 2030 tantum
2130 2018 2145 2047 ‚
2184 1995 2314 2053 neq.
2358 1975 2415 2033 Si

317 2078 511 2126 autem
555 2066 699 2124 actio
737 2066 888 2125 bona
926 2067 1001 2124 sit
1044 2088 1112 2125 ex
1159 2066 1342 2124 officio
1407 2077 1465 2124 et
1508 2065 1625 2125 fine
1667 2067 1964 2148 proximo,
2000 2079 2066 2125 ut
2091 2074 2214 2144 Jam
2263 2068 2415 2126 dixi-

316 2183 482 2235 mus,
530 2160 637 2219 hoc
675 2161 798 2241 ipso
840 2159 1213 2219 subordinata
1238 2172 1326 2218 est
1358 2161 1539 2219 amori
1568 2161 1672 2219 Dei
1710 2160 1985 2222 naturali,
2033 2160 2119 2219 Ad
2156 2161 2267 2220 hoc
2305 2183 2411 2220 au—

316 2267 435 2315 tem
456 2300 472 2329 v
511 2255 558 2312 si
585 2276 772 2313 sermo
802 2255 875 2313 sit
906 2254 978 2314 de
1014 2276 1186 2337 opere
1221 2254 1403 2329 facili7
1440 2277 1558 2312 non
1598 2256 1913 2336 requiritur
1947 2255 2190 2335 speciale
2217 2256 2411 2335 gratiae

315 2348 612 2408 auxilium.

399 2442 534 2500 124.
583 2441 671 2500 Ad
696 2443 803 2512 2¹1¹,
840 2443 1153 2523 Responsio
1188 2453 1349 2524 patet
1373 2464 1443 2502 ex
1481 2443 1657 2502 modo
1699 2441 1865 2502 dictis
1899 2469 1916 2517 ς
1948 2443 2075 2504 elici
2113 2444 2272 2504 enim
2301 2466 2411 2525 po-

316 2548 431 2597 test
449 2538 590 2595 actio
611 2536 840 2595 moralis
863 2558 934 2596 ex
956 2558 1150 2596 amore
1167 2538 1271 2596 Dei
1298 2538 1567 2597 naturali.
1600 2536 1711 2597 Sed
1731 2538 1938 2598 falsum
1970 2550 2251 2623 praeterea
2275 2552 2364 2599 est
2388 2587 2404 2617 .,

319 2630 474 2712 quod
504 2643 804 2689 assumunt
827 2626 1137 2692 adversarii
1163 2677 1179 2707 7
1207 2654 1444 2692 omnem
1473 2634 1760 2692 actionem
1783 2678 1799 2708 ⁷
1824 2655 1954 2715 quae
1978 2635 2079 2694 fiat
2109 2655 2182 2694 ex
2214 2657 2411 2697 amore

317 2724 523 2784 mundi
551 2746 650 2784 seu
680 2736 987 2801 creaturae,
1025 2747 1147 2786 esse
1175 2728 1483 2802 vitiosam3
1530 2728 1749 2787 etenim
1788 2739 1928 2787 tunc
1969 2729 2158 2788 solum
2202 2732 2411 2793 vitiosa

318 2830 466 2879 esset
488 2864 503 2893 7
542 2840 674 2877 cum
705 2818 1002 2879 eliceretur
1029 2841 1100 2878 ex
1135 2842 1328 2881 amore
1369 2833 1640 2882 creaturae
1678 2821 2044 2898 inordinat03
2083 2847 2198 2906 quo
2236 2849 2412 2898 sensu

318 2914 566 2973 affirmat
588 2915 645 2972 S.
675 2915 1021 2993 Augustinus
1043 2960 1059 2989 7
1091 2916 1360 2976 vitiosam
1386 2939 1506 2978 esse
1542 2918 1831 2977 actionem
1852 2939 1923 2977 ex
1964 2940 2161 2981 amore
2203 2922 2410 2981 mundi

321 3021 420 3068 aut
454 3020 725 3068 creaturae
763 3009 1113 3091 profectam,
1147 3033 1258 3093 qua
1295 3034 1382 3071 ex.
1421 3013 1505 3093 grg
1551 3018 1632 3073 ita
1674 3014 1849 3073 homo
1888 3015 1950 3072 in
1982 3017 2126 3097 ipsa'
2146 3028 2409 3078 creatura

320 3102 532 3161 haereat
567 3114 740 3184 atque
788 3105 1062 3163 consistat
1092 3111 1160 3164 ut
1195 3106 1257 3164 in
1294 3108 1409 3166 fine
1462 3107 1668 3167 ultimo
1693 3153 1709 3183 ,
1756 3118 1856 3167 aut
1891 3119 2216 3171 creaturam
2253 3135 2408 3195 prae-

321 3196 468 3255 ferat
490 3198 755 3270 creatori,
782 3209 914 3272 etc..,
954 3221 1073 3258 non
1102 3211 1297 3260 autem
1326 3202 1372 3260 si
1403 3202 1528 3283 quis
1554 3223 1643 3262 ex.
1679 3224 1764 3283 gr.
1803 3202 2003 3284 diligat
2037 3218 2309 3288 parentes
2335 3229 2408 3268 ex

325 3311 520 3350 amore
543 3290 794 3350 naturali
814 3313 878 3352 ac
904 3293 1190 3357 ordinato,

388 3492 452 3557 (1)
493 3491 594 3560 Op.
638 3495 832 3560 imperf.
863 3496 950 3546 lib.
984 3514 1030 3558 ι,
1064 3515 1166 3564 cap.
1208 3499 1320 3550 105.
1396 3510 1549 3568 potest
1580 3501 1714 3552 homo
1749 3504 1863 3554 honi
1893 3504 2084 3574 aliquid
2119 3508 2234 3557 velle
2257 3547 2271 3570 ‚
2310 3511 2412 3558 nisi

392 3572 460 3641 (2)
495 3575 751 3625 Praesertim
782 3577 867 3627 lib.
904 3595 923 3626 1
948 3615 962 3639 ‚
1011 3578 1101 3628 Ad
1148 3580 1321 3646 Bonis.
1403 3584 1656 3651 adjuvetur
1676 3586 1736 3635 ab
1765 3604 1816 3636 eo
1834 3625 1848 3653 ,
1875 3592 1963 3654 qui
1995 3589 2178 3639 malum
2204 3607 2303 3640 non
2321 3608 2414 3658 po-

320 3672 424 3721 cap.
458 3655 488 3705 3
507 3694 520 3718 ,
544 3675 596 3706 n.
628 3657 656 3706 3
679 3693 693 3719 ,
720 3657 802 3706 ubi
836 3661 903 3708 sic
931 3658 1142 3727 loquitur
1173 3680 1188 3711 ε
1221 3662 1324 3713 Neo
1402 3673 1488 3714 test
1499 3666 1739 3731 veneficae
1751 3677 1817 3720 est
1827 3673 2014 3737 ,qratia
2018 3671 2172 3739 perJ.
2191 3671 2249 3722 C.
2261 3672 2331 3723 D.
2344 3673 2414 3723 N.
