2430 4056
234 188 350 246 236
990 188 1180 239 τηατ.
1224 204 1293 239 nn
1333 203 1559 241 curn.

229 359 382 408 terea
430 348 595 405 docet
632 341 896 401 'Christus
945 341 1115 399 fuisse
1141 338 1516 417 justificatum
1553 338 1627 399 ob
1667 359 1828 398 suam
1866 335 2250 398 humilitatem
2279 385 2295 414 ,

203 446 494 520 'rejectum
539 457 674 495 vero
700 434 1044 519 pharisaeum
1081 432 1154 491 ob
1187 430 1468 512 superbiae
1501 443 1790 492 tumorem
1816 423 1919 509 (l).

306 531 437 589 520.
483 529 569 587 Ad
602 529 687 586 2Ωιι
709 572 724 601 ,
763 527 912 606 Neq.
949 528 1094 585 Cum
1117 526 1305 605 potius
1333 529 1514 602 major
1537 526 1714 604 gloria
1742 526 1966 594 Christo
1997 524 2307 605 proveniat·

225 647 293 684 ex
331 644 428 695 ec,
464 621 618 702 quod
656 620 831 703 magis
862 620 924 676 in
961 618 1067 676 hac
1103 618 1361 677 doctrina
1406 619 1641 698 patefiat
1680 620 1923 678 efficacia
1961 619 2301 676 meritorum

221 738 486 789 suorum7
525 713 728 795 quibus
766 714 979 771 factum
1009 722 1095 771 est
1133 757 1146 786 ,
1185 723 1251 769 ut
1282 733 1400 769 non
1436 710 1623 768 solum
1651 732 1837 791 poenae
1878 711 2296 770 absolutionem

218 813 540 882 forensem,
582 811 666 868 uti
697 809 1005 871 adversarii
1048 818 1353 866 autumant
1385 852 1399 881 ,
1437 805 1537 865 sed
1574 806 1811 866 totalem
1844 807 2022 888 culpae
2070 807 2300 865 destru—

220 905 470 964 ctionem
491 903 834 978 obtinuerit,
862 876 966 961 no}
985 902 1324 963 vivificando
1342 923 1403 959 ac
1420 899 1752 959 renovando
1767 902 1965 979 gratiae
1984 922 2100 960 suae
2121 901 2296 959 dono.

216 1000 423 1078 Magna
443 1010 685 1058 econtra
714 998 973 1055 Christus
1001 997 1207 1075 injuria
1236 996 1479 1054 afficitur
1499 996 1559 1052 in
1583 996 1939 1053 Novatorum
1968 995 2295 1076 hypothesi,

206 1098 371 1170 juxta
398 1113 569 1172 quam
601 1097 718 1169 ejus
752 1092 1087 1150 meritorum
1127 1090 1368 1148 efficacia
1404 1111 1503 1148 seu
1531 1090 1710 1147 virtus
1739 1089 1885 1147 adeo
1919 1100 2295 1165 extenuatur,

218 1188 379 1266 quasi
408 1207 528 1243 non
560 1187 813 1266 potuerit
837 1186 1022 1266 reipsa
1054 1183 1262 1242 diaboli
1289 1205 1459 1265 opera
1496 1182 1804 1242 dissolvere
1837 1203 1944 1263 per
1966 1182 2148 1264 culpae
2172 1182 2297 1242 des-

221 1281 564 1338 tructionem
605 1300 668 1338 ac
714 1279 951 1360 plenam
999 1279 1248 1337 hominis
1298 1278 1583 1337 interioris
1631 1278 2084 1336 renovationem.
2134 1277 2295 1337 Falsa

208 1383 481 1453 praeterea
504 1385 588 1432 est
615 1373 712 1432 illa
739 1373 1030 1431 humilitas
1052 1419 1068 1447 ,
1105 1393 1229 1454 quae
1258 1372 1553 1431 mendacio
1579 1373 1817 1448 nititur3
1844 1393 1974 1430 cum
1997 1371 2291 1430 humilitas

210 1487 329 1524 non
362 1465 519 1525 aliud
559 1467 666 1542 sit,
705 1477 771 1524 ut
798 1467 878 1525 ita
915 1466 1152 1547 loquar7
1199 1488 1372 1547 quam
1394 1471 1682 1546 expressio
1712 1469 1978 1525 veritatis
2011 1465 2118 1544 (2).

1008 1671 1390 1724 ARTICULUS
1429 1672 1499 1724 II.

604 1815 695 1871 De
736 1792 1222 1892 dispositionibus
1259 1814 1344 1871 ad
1359 1813 1879 1891 justificationem.

282 2025 416 2082 521.
466 2028 532 2081 In
559 2026 909 2083 Novatorum
931 2036 1238 2105 systemate
1260 2026 1676 2103 justificationis
1717 2046 2014 2106 processus
2049 2037 2136 2084 est
2168 2025 2283 2083 h-u-

196 2119 446 2197 jusmodi
490 2142 502 2176 :
551 2121 769 2193 HomO,
806 2124 903 2201 qui
938 2121 1315 2179 essentialiter
1361 2132 1621 2201 peccator
1660 2132 1781 2195 est7
1827 2121 2100 2201 omnique
2146 2120 2280 2178 acti-

198 2214 373 2273 vitate
400 2213 703 2271 destitutus
729 2259 742 2286 ,
777 2214 838 2270 in
862 2216 1103 2294 peccatis
1115 2219 1261 2291 jacet
1284 2258 1299 2286 ‚
1333 2214 1513 2272 donec
1534 2215 1974 2294 perterrefactus
2007 2235 2114 2294 per
2142 2214 2281 2292 legis

191 2306 651 2387 praedicationem
671 2352 685 2379 ⁷
717 2329 843 2386 quae
877 2309 928 2365 ei
952 2307 1168 2388 praebet
1190 2308 1574 2385 cognitionem
1603 2319 1967 2387 peccatorum
1995 2307 2066 2366 ab
2099 2310 2281 2370 Evan-

190 2399 334 2478 gelio
354 2444 368 2473 7
393 2399 546 2479 quod
568 2401 617 2458 ei
642 2412 849 2479 praesto
879 2412 964 2459 est
986 2446 1001 2474 ,
1027 2400 1403 2460 subveniatur
1420 2445 1438 2476 ‚
1466 2422 1541 2459 ne
1568 2402 1630 2459 in
1658 2400 2119 2483 desperationem
2142 2403 2279 2460 inci-

190 2493 320 2564 dat3
362 2498 479 2568 ejus
522 2514 618 2551 cor
669 2505 885 2553 terrore
927 2494 1255 2575 perculsum
1300 2495 1688 2576 apprehendit
1734 2518 1839 2576 per
1884 2497 2058 2556 fidem
2086 2542 2101 2571 ‚
2150 2518 2275 2578 quae

187 2585 303 2643 sola
330 2588 630 2664 justificat,
675 2589 879 2646 merita
908 2588 1237 2649 Salvatoris.
1267 2592 1508 2670 Propter
1540 2589 1663 2649 haec
1687 2591 1890 2649 merita
1923 2594 2073 2650 Deus
2106 2591 2265 2650 hunc

186 2680 418 2739 fidelem
463 2682 716 2740 declarat
752 2686 1009 2758 justum,
1056 2686 1162 2742 etsi
1215 2685 1277 2741 in
1313 2705 1373 2742 se
1412 2684 1652 2743 minime
1690 2689 1876 2763 justus
1927 2686 2114 2766 reipsa
2165 2686 2260 2743 sit.

186 2776 459 2847 Quamvis
499 2797 670 2857 porro
712 2776 818 2834 hac
872 2778 1093 2837 ratione
1128 2779 1405 2836 innocens
1463 2790 1766 2860 reputetur
1814 2790 1872 2838 et
1911 2781 2188 2838 immunis
2231 2801 2264 2838 a

187 2890 360 2949 poena
399 2872 644 2951 peccatis
680 2869 904 2945 debita3
952 2883 1251 2952 peccatum
1296 2872 1568 2951 originale
1611 2895 1741 2932 cum
1787 2875 1901 2932 suis
1940 2875 2271 2933 manifesta-

191 2963 446 3022 tionibus
473 2966 683 3043 jugiter
725 2976 1055 3045 perseverat
1095 2966 1157 3023 in
1197 2952 1434 3039 homine
1474 2967 1551 3026 sic
1594 2969 1913 3040 extrinsece
1934 2967 2262 3047 justificato,

185 3057 303 3113 Etsi
335 3079 475 3116 vero
514 3058 653 3117 fides
691 3058 807 3117 sola
839 3061 1148 3137 justificet,
1202 3059 1319 3119 sola
1367 3072 1565 3121 tamen
1609 3084 1730 3121 non
1772 3074 2110 3145 permanet3
2162 3063 2265 3122 sed

185 3151 574 3226 justificationi
600 3153 813 3211 accedit
848 3155 1245 3228 sanctificatio7
1273 3176 1339 3213 ac·
1360 3156 1503 3214 fides
1534 3178 1593 3216 se
1616 3157 1952 3216 manifestat
1977 3179 2082 3239 per
2111 3156 2264 3216 bona

186 3265 360 3324 opera
389 3289 405 3318 7
448 3247 738 3325 quae'fidei
772 3248 987 3307 fructus
1027 3261 1182 3307 sunt.
1241 3250 1530 3309 Confundi
1572 3262 1772 3310 tamen
1823 3252 1996 3311 simul
2041 3254 2103 3311 in
2154 3252 2262 3310 hoc

186 3348 490 3416 systemate
514 3354 809 3421 nequeunt
833 3343 1159 3420 justificatio
1186 3354 1246 3403 et
1272 3345 1643 3404 sanctificatio
1663 3363 1680 3420 ;
1700 3345 1953 3428 alio'quin
1977 3369 2097 3406 non
2125 3368 2262 3429 pos-

250 3566 313 3628 (l)
350 3567 450 3617 Cfr.
492 3567 540 3618 S·
571 3569 738 3619 Thom.
777 3587 820 3619 1.
874 3588 938 3633 2,
974 3590 1021 3638 q.
1057 3574 1179 3632 113,
1331 3573 1399 3636 (2)
1432 3572 2176 3646 Cfr.Bellarm.Dejmtaefic.lib.
2199 3591 2258 3636 n,

187 3663 229 3694 a.
263 3645 315 3696 6.
1264 3670 1369 3719 cap.
1407 3670 1463 3703 η
1490 3666 1536 3704 et
1559 3674 1690 3724 seqq.
1942 3691 1945 3693 -
