2430 4056
988 155 1184 193 TRAc'r.
1231 154 1298 193 DE
1339 152 1567 193 GRATIA.

212 146 348 208 :242

232 309 396 366 homo
416 343 440 375 ,
464 311 518 360 et
553 319 672 357 non
693 316 764 354 ea·
793 294 907 373 fide
930 303 1187 352 tantum.
1221 292 1292 349 Et
1321 311 1442 352 suae
1477 292 1798 352 assertionis
1833 291 1984 350 hanc
2021 292 2301 354 rationem

227 400 396 460 ,affert
437 396 528 473 (v.
568 389 688 469 26)
728 411 741 446 z
786 387 928 460 Quia
973 407 1183 466 nempe
1219 385 1395 462 fides
1419 389 1547 445 sine
1602 388 1874 466 operibus
1922 397 2156 445 mortua
2197 398 2296 445 est.

229 496 303 554 &Et
344 484 636 571 Apostolus
665 482 911 553 Paulus,
950 483 1114 539 Rom.
1156 482 1206 536 ΙΙ
1229 523 1244 552 ,
1287 478 1360 536 13
1398 500 1411 535 :
1451 480 1592 539 Non
1633 485 1824 554 enim‚
1860 479 2085 553 scribit,
2123 482 2306 545 audi-

230 598 374 646 tores
406 583 544 660 leqis
556 582 721 657 justi
751 586 892 634 suut
924 576 1096 654 apud
1130 575 1327 633 Deum
1349 597 1376 645 ,-
1398 574 1518 631 sed
1543 577 1799 652 factores
1839 578 1979 655 legis
1995 576 2305 653 justifica-

232 683 476 740 buntur.
530 674 605 732 Ac
658 671 868 730 iterum
898 714 914 743 ,
964 671 988 725 I
1036 668 1167 726 Cor.
1232 667 1364 725 XIII
1392 711 1407 741 ‚
1454 667 1496 723 2
1567 689 1580 724 :
1631 670 1704 727 Si
1755 670 2015 730 habuero
2078 691 2309 729 omnem

226 773 399 852 fidem
414 812 435 840 ,
453 773 541 826 ita
563 777 633 824 ut
651 774 869 823 montes
895 765 1258 840 transferam
1275 804 1295 833 ,
1310 762 1661 820 charitatem
1676 775 1874 824 autem
1888 787 2009 824 nou
2025 766 2307 839 habuero,

229 867 390 925 nihil
419 884 573 922 sum.
599 863 847 919 Demum
876 902 890 933 ,
927 857 1113 916 Galat.
1144 857 1218 929 V,
1253 856 1287 914 6
1319 901 1335 930 .,
1371 876 1665 936 exponens
1687 901 1704 932 ,
1743 859 2062 936 cujusmodi
2101 858 2310 919 debeat

228 980 348 1021 esse
388 957 560 1031 fides,
608 975 731 1036 quae
771 953 846 1013 ad
871 950 1343 1031 justificationem
1382 950 1694 1031 requiritur
1719 996 1735 1024 .,
1783 951 1902 1012 haec
1939 953 2116 1014 habet
2159 977 2173 1012 ε
2232 956 2309 1014 Iu

234 1057 460 1116 Christo
493 1053 638 1112 Jesu
677 1071 860 1129 neque
893 1051 1269 1106 circumcisio
1312 1048 1553 1124 aliquid
1597 1048 1784 1118 valet,
1837 1069 2020 1126 neque
2058 1070 2312 1133 proepu-

230 1154 383 1208 tium
411 1192 427 1220 .,
480 1147 580 1205 sed
620 1144 764 1223 fides
777 1186 798 1214 5
848 1165 976 1220 quoe
1021 1162 1137 1220 per
1186 1141 1537 1198 charitatem
1574 1151 1860 1219 operatur
1890 1141 1998 1221 (l).
2050 1143 2192 1223 Ergo
2241 1164 2312 1202 ex

228 1240 495 1324 Apostolo
527 1256 647 1297 non
670 1237 788 1296 sola
819 1234 958 1294 fides
988 1280 1004 1310 ‚
1043 1256 1171 1315 quae
1215 1233 1421 1293 sterilis
1455 1235 1529 1292 sit
1561 1255 1626 1293 ac
1661 1237 1922 1313 sejuncta
1965 1257 1996 1294 a
2030 1235 2312 1297 charitate

224 1347 283 1394 et
331 1334 595 1416 operibus
625 1377 640 1406 7
701 1331 924 1390 confert
974 1328 1049 1387 ad
1097 1329 1568 1405 justificationem
1602 1373 1616 1402 ,
1673 1329 1775 1388 sed
1826 1350 1955 1410 quae
2005 1351 2138 1390 cum
2188 1332 2312 1411 ipsa

228 1429 499 1488 charitate
518 1438 576 1486 ct
591 1446 695 1507 per
710 1426 893 1506 ipsam
913 1433 1187 1504 operetur
1210 1444 1310 1481 seu
1332 1423 1673 1483 vivificetur.
1707 1424 1953 1483 Proinde
1981 1447 2100 1484 non
2130 1425 2313 1485 solam

226 1522 423 1581 Jacobi
462 1519 771 1602 Epistolam
805 1518 982 1579 veluti
1021 1521 1414 1575 stramineam
1447 1517 1536 1596 (2)
1585 1519 1818 1596 rejicere
1859 1518 2150 1579 debuisset
2189 1522 2311 1579 Lu-

230 1615 428 1675 therus
472 1614 544 1672 ad
582 1623 980 1695 portentosum
1022 1610 1227 1689 dogma
1260 1632 1429 1669 suum
1472 1610 1887 1672 stabiliendum
1928 1613 2003 1672 ‘de
2043 1612 2160 1672 sola
2198 1613 2314 1674 fide

224 1710 605 1786 justificante,
646 1706 746 1766 sed
780 1716 1056 1787 praeterea
1102 1725 1301 1764 omnes
1346 1705 1612 1764 Paulines
1651 1707 1962 1789 Epistolam,
2003 1729 2129 1789 quae
2160 1713 2312 1787 ejus-

227 1803 380 1862 modi
416 1824 668 1861 errorem
707 1801 919 1881 pariter
952 1809 1240 1860 evertunt.

300 2054 367 2117 (1)
394 2056 459 2101 Ἐν
500 2055 669 2119 Χρίσ-τᾷ
703 2054 843 2106 'Ino-08¹
879 2049 974 2100 οὔτε
1018 2049 1233 2117 περιτομή
1312 2055 1551 2119 quioribus
1579 2056 1855 2107 editionibus
1880 2073 2160 2125 repererunt.
2197 2063 2313 2114 Rem

229 2154 277 2183 τι
299 2133 443 2195 ἰσχύει
461 2172 472 2193 ,
501 2130 593 2181 οὔτε
618 2130 904 2198 οἶκροβυσ-τῖοι·
929 2130 1055 2191 ᾀλλιὲ
1080 2130 1231 2185 πίω-τις
1313 2147 1453 2185 totam
1487 2139 1586 2186 fuse
1637 2140 1774 2188 refert
1802 2141 1939 2204 Bayle
1969 2146 2019 2192 in
2062 2161 2144 2193 suo
2184 2145 2313 2195 Dic-

233 2213 294 2263 δῖ
339 2214 522 2273 ἀγάπης
563 2212 851 2279 ἐνεργουμένη.
902 2213 993 2261 Ubi
1032 2214 1232 2261 notanda

234 2305 302 2343 est
317 2299 379 2342 vis
396 2297 532 2360 hujus
547 2299 664 2342 vocis
683 2291 973 2359 ἐνεργουμένη,
989 2303 1227 2359 operatur,

228 2379 421 2423 insensu
438 2378 630 2439 passivo,
652 2393 745 2422 non
763 2386 914 2424 autem
932 2378 1077 2423 activo
1095 2394 1231 2423 usur-

231 2468 375 2521 pat-333
404 2473 506 2522 quae
536 2458 824 2505 tantumdem
849 2458 968 2505 valet
1010 2475 1063 2506 ac
1102 2466 1227 2505 mota

232 2548 368 2602 atque
393 2546 498 2585 acta
534 2556 558 2585 a
595 2539 830 2586 charitate.
875 2537 972 2586 Cfr.
1011 2538 1222 2586 Bellarm.

231 2617 311 2665 De
333 2619 500 2683 justif.
534 2636 631 2682 cap.
663 2636 707 2666 iv
729 2655 741 2677 ‚
775 2637 825 2671 n.
871 2636 950 2668 11.

266 2696 328 2760 (2)
349 2699 421 2746 Ita
438 2699 720 2747 Lutherusin
739 2700 890 2764 Proef.
910 2702 1226 2767 antiquissima

232 2778 348 2827 edita
381 2779 696 2844 Witembergae
725 2785 830 2828 ante
872 2798 1047 2829 annum
1079 2780 1225 2845 15253

231 2878 493 2925 quanquam
522 2863 571 2908 in
601 2861 925 2909 recentioribus
950 2863 1227 2913 editionibus

233 2957 341 3005 opp.
367 2941 558 2991 Lutheri
586 2945 748 2990 omissa
778 2954 885 2991 sunt
919 2944 1088 3006 verba,
1118 2949 1224 3011 qui-

233 3021 320 3069 bus
335 3023 410 3070 ille
425 3024 544 3071 hanc
557 3023 719 3073 Jacobi
750 3025 999 3090 Epistolam
1033 3028 1226 3076 vocabat

232 3105 515 3151 sti-amineam
535 3141 548 3163 ,
570 3107 615 3152 :si
656 3117 947 3171 comparetur
974 3124 1089 3157 >cum
1116 3109 1225 3175 Epi-

235 3182 359 3230 stolis
398 3182 514 3231 Petri
547 3186 776 3245 etBauli,
816 3198 954 3255 atque
984 3191 1223 3256 indignam

232 3280 325 3310 esse
334 3263 586 3314 affirmabat
602 3268 756 3317 indole
770 3269 1059 3335 Evangelica.
1077 3271 1224 3338 Quare

1311 2221 1432 2267 tion.
1461 2221 1650 2278 critico,
1671 2232 1752 2268 art.
1776 2222 1958 2270 Luther
1980 2259 1998 2285 ‚
2024 2225 2158 2275 Rem.
2177 2227 2234 2277 Ο.
2256 2229 2309 2278 P.

1312 2298 1563 2347 Lutherum
1600 2303 1739 2348 secuti
1780 2313 1892 2350 sunt
1936 2305 1990 2354 A.
2020 2305 2309 2362 Althamerus

1310 2388 1354 2426 et
1373 2379 1708 2430 Centuriatores
1727 2382 2156 2451 Magdeburgenses.
2183 2390 2309 2439 Wet-

1308 2463 1477 2508 Stenius
1494 2478 1624 2517 „cum
1652 2464 1882 2513 retulisset
1910 2466 2005 2515 haec
2031 2469 2169 2518 verba
2209 2470 2305 2520 Lu-

1311 2543 1429 2590 theri
1462 2560 1476 2592 :
1510 2544 1677 2591 Meam
1701 2547 1982 2595 sententiam
2012 2552 2201 2598 nemini
2226 2552 2306 2600 ob·

1307 2623 1500 2671 trudam
1513 2646 1533 2683 ,·
1559 2633 1750 2674 tantum
1785 2628 1975 2691 dicam,
2004 2649 2078 2679 me
2107 2631 2306 2698 Episto-

1308 2704 1405 2753 lam
1434 2703 1605 2753 Jacobi
1620 2724 1718 2755 non
1736 2712 2013 2760 existimare
2029 2730 2125 2761 esse
2153 2716 2307 2782 sonip-

1307 2794 1409 2833 tum
1423 2786 1748 2852 Apostolicum
1763 2826 1779 2850 ,
1801 2792 1856 2838 ob
1883 2792 2006 2841 lianc
2027 2797 2299 2860 rationem,

1298 2868 1462 2932 primo
1488 2875 1603 2933 quia
1626 2869 1799 2919 directe
1822 2883 1987 2923 contra
2015 2863 2236 2925 Paulum
2261 2888 2306 2927 et

1306 2965 1491 2997 omnem
1517 2946 1558 2996 S
1559 2952 1820 3016 cripturam
1835 2955 2057 3020 operibus
2060 2958 2306 3023 justifica-

1304 3029 1480 3078 tionem
1509 3031 1710 3092 tribuit;
1740 3034 1940 3100 denique
1977 3035 2186 3087 Iacobus
2218 3041 2305 3089 iste

1303 3113 1373 3159 ita
1404 3113 1654 3178 confimdit
1686 3118 1850 3165 omnia
1866 3134 1922 3165 ac
1937 3121 2192 3184 permiscet
2210 3158 2223 3180 ,
2251 3130 2305 3169 ut

1303 3192 1430 3241 mihi
1473 3196 1550 3242 vir
1594 3194 1743 3244 bonus
1782 3197 1959 3262 aliquis
2006 3217 2063 3249 ac
2102 3201 2303 3268 simplex

1295 3262 1450 3338 fuisso
1465 3275 1683 3324 videatur
1697 3315 1711 3339 ‚
1740 3280 1828 3343 qui
1846 3317 1859 3340 ,
1886 3284 2090 3349 arreptis
2105 3283 2301 3348 quibus-

216 3342 518 3417 JWhitakerus
559 3347 725 3413 aliique
757 3351 960 3416 judices,
1005 3355 1085 3419 qui
1123 3352 1223 3402 Ὲᾶ-
1293 3354 1414 3402 dam
1441 3355 1583 3404 dictis
1621 3357 1965 3425 dzscipulorum
2008 3362 2301 3430 Apostolico-

232 3426 458 3472 mundum
485 3425 794 3491 Campianum
822 3431 879 3482 ‘S.
924 3432 971 3482 J.
1003 3444 1221 3500 tanquam
1300 3452 1428 3496 rum,
1447 3454 1502 3486 ea
1521 3437 1572 3485 in
1585 3438 1796 3489 chartam
1811 3446 2079 3510 conjecerit,
2097 3455 2180 3494 etc.
2194 3442 2293 3504 His,

227 3505 600 3565 calumniatorem
632 3510 961 3572 traduxerunt,
991 3515 1114 3579 quod
1142 3516 1220 3563 illa
1298 3516 1519 3581 inquam,
1549 3521 1754 3571 adductis
1771 3558 1787 3583 ,
1811 3527 1876 3575 sic
1898 3526 2053 3585 scribit
2070 3524 2297 3573 :Sionim

223 3585 423 3636 Luthero
464 3586 716 3650 affinxerit,
763 3609 816 3640 ea
849 3593 957 3642 dein
999 3598 1047 3642 in
1091 3600 1210 3646 anti-
1296 3598 1506 3648 Jacohus
1535 3600 1692 3652 Paulo
1720 3606 2085 3668 contradiceret,
2123 3604 2284 3670 utique
