2540 4074
538 199 699 246 rur.
742 197 782 234 1.
829 195 958 235 mr.
1003 197 1070 234 ιι.
1115 198 1184 234 nc
1220 196 1447 237 cama
1490 194 1872 234 nncnssrrmn.
2183 173 2261 232 27

179 344 305 416 Quo
341 339 577 424 quidem
621 355 826 400 vocem
858 349 1079 398 naturae
1125 338 1354 401 foedatae
1389 358 1453 398 ac
1500 339 1563 397 in
1600 336 1821 397 malum
1855 353 2055 419 pronae
2093 347 2263 418 poeta

174 435 472 518 expressit.
511 434 613 492 His
648 433 1092 492 incitamentum
1126 434 1354 494 addunt
1389 433 1669 492 daemonis
1703 429 2112 491 insectationes
2141 476 2156 505 7
2199 442 2267 490 ut

176 532 388 614 passim
423 530 728 611 Scripturas
755 540 1046 589 testantur
1065 576 1079 603 7
1113 541 1287 613 atque
1318 530 1523 589 mundi
1550 528 1955 588 blandimenta
1977 573 1992 603 7
2028 539 2095 586 ut
2120 527 2267 586 infe-

174 626 255 686 lix
281 624 451 683 nimis
478 624 833 705 experientia
861 625 1131 685 ostendit.
1154 628 1286 685 Non
1316 625 1483 685 aliter
1497 624 1742 706 proinde
1774 623 1988 705 poterit
2009 622 2186 681 homo
2207 643 2270 681 se

177 719 267 779 his
306 716 623 777 subducere
668 740 850 799 eaque
892 741 1163 801 superare
1202 741 1379 800 quam
1417 740 1522 801 per
1553 719 1656 777 Dei
1687 720 1963 797 gratiam7
2003 739 2116 799 qua
2155 717 2272 799 opi-

178 811 404 871 tulante
433 812 716 871 excitatur
753 812 826 871 ad
861 813 1044 872 officia
1084 813 1429 888 excolenda,
1467 834 1648 893 eaque
1673 812 1869 870 omnia
1897 811 2225 892 praestanda
2250 856 2269 887 7

177 928 306 988 quae
348 907 605 966 muneris
642 907 729 966 sui
764 919 900 966 sunt
922 952 938 982 7
975 908 1369 988 virtutemque
1405 906 1758 966 sectandam.
1810 906 1979 979 Quod
2002 905 2273 964 ¹declarat

177 1001 484 1084 Apostolus
515 1001 623 1061 loc.
649 1003 747 1061 cit.
774 1002 874 1062 ubi
900 1048 916 1078 7
940 1013 1246 1084 postquam
1275 1001 1684 1062 exclamasset:
1708 1002 1937 1080 Infelix
1959 1022 2055 1081 eqo
2080 998 2270 1075 homo7

178 1101 313 1176 quis
355 1119 444 1155 me
495 1099 781 1157 liberabit
831 1099 900 1156 dc
952 1118 1190 1177 corpore
1241 1101 1450 1157 mortis
1489 1098 1672 1175 lugjas
1695 1095 1726 1155 '2
1779 1096 1977 1154 statim
2020 1094 2218 1154 subdit
2259 1117 2272 1153 :

183 1192 403 1251 Gratia
441 1194 565 1253 Dei
586 1215 700 1273 per
721 1194 932 1254 Jesum
964 1193 1272 1253 Christum
1309 1195 1638 1252 Dominum
1682 1202 1955 1251 nostrum
1987 1189 2172 1269 (ibid.
2195 1189 2274 1248 24

176 1297 236 1346 et
261 1285 400 1365 25).

257 1380 357 1440 49.
386 1382 625 1440 Constat
647 1381 819 1460 igitur
839 1429 853 1456 7
883 1381 1039 1463 quod
1066 1382 1496 1464 proposuimus7
1517 1382 1901 1441 necessariam
1916 1380 2132 1438 scilicet
2154 1401 2276 1438 esse

181 1476 284 1536 Dei
317 1477 558 1558 gratiam
587 1475 810 1535 homini
833 1476 994 1559 lapso
1025 1523 1040 1551 7
1068 1488 1196 1536 tum
1231 1477 1304 1536 ad
1337 1498 1539 1536 omnes
1571 1477 1844 1538 veritates
1879 1475 2159 1534 naturalis
2190 1497 2279 1533 or-

183 1570 333 1629 dinis
355 1570 774 1650 cognoscendas
791 1616 807 1646 7
833 1583 960 1630 tum
977 1572 1052 1631 ad
1079 1574 1413 1632 universam
1439 1572 1625 1651 legem
1648 1569 2086 1653 adimplendam
2104 1614 2121 1645 7
2150 1580 2278 1629 tum

187 1664 437 1746 denique
470 1665 546 1724 ad
580 1686 780 1745 graves
821 1667 1168 1726 tentationes
1196 1666 1551 1747 superandas
1582 1666 1689 1746 (1).

981 1868 1464 1910 DIFFICULTATES.

263 2019 361 2079 50.
410 2018 541 2097 Obj.
570 2020 778 2102 prima.
814 2021 875 2079 1⁰
907 2022 1174 2080 Humana
1205 2018 1353 2082 ratio
1376 2024 1446 2082 iis
1482 2022 1754 2083 omnibus
1793 2046 1824 2083 a
1851 2027 1968 2084 Deo
2004 2025 2282 2083 instructa

186 2125 274 2175 est
305 2113 712 2189 facultatibus7
765 2113 975 2197 quibus
1015 2118 1152 2175 satis
1195 2119 1420 2178 exculta
1460 2119 1535 2177 ad
1574 2121 1847 2179 veritates
1889 2120 1977 2178 sui
2015 2119 2234 2179 ordinis
2266 2165 2281 2192 7

183 2209 395 2269 ethices
418 2211 738 2291 praesertim
760 2232 825 2269 ac
848 2211 1138 2290 religionis
1170 2214 1478 2294 pervenire
1501 2217 1700 2296 possit.
1734 2216 1801 2272 20
1825 2217 1976 2274 Sane
2000 2215 2063 2273 id
2082 2260 2097 2288 7
2129 2213 2286 2295 quod

182 2316 319 2364 sunt
343 2304 531 2363 brutis
571 2305 962 2365 animantibus
994 2329 1192 2367 sensus
1222 2320 1281 2368 et
1308 2310 1617 2368 instinctus
1639 2355 1655 2385 7
1701 2323 1789 2370 est
1827 2311 2052 2369 homini
2091 2310 2235 2367 ratio
2264 2334 2281 2382 ς

185 2396 341 2481 ergo7
377 2401 872 2482 quemadmodum
900 2402 997 2461 illa
1027 2404 1207 2462 finem
1231 2426 1401 2463 suum
1429 2406 1653 2486 assequi
1676 2417 1925 2487 possunt
1947 2405 2164 2486 absque
2191 2425 2286 2462 ex-

187 2497 381 2556 teriori
408 2495 698 2572 subsidio7
727 2498 806 2556 ita
836 2509 896 2557 et
934 2497 1109 2557 homo
1147 2498 1264 2558 sola
1295 2501 1519 2560 ratione
1560 2512 1753 2583 potest
1792 2501 1866 2559 ad
1902 2502 2080 2560 finem
2115 2522 2288 2558 suum

186 2593 488 2673 pervenire
542 2613 648 2675 per
694 2594 1078 2672 cognitionem
1135 2595 1391 2654 veritatis
1425 2641 1441 2669 7
1494 2598 1698 2677 primae
1742 2596 2065 2677 pracsertim
2085 2641 2101 2671 7
2162 2615 2288 2677 quae

188 2688 340 2744 Deus
363 2699 483 2760 θεῖς
513 2687 648 2748 dein
678 2691 854 2749 etiam
878 2688 1195 2748 officiorum
1216 2734 1231 2763 7
1259 2689 1467 2771 quibus
1499 2690 1876 2771 adstringitur
1909 2713 2039 2771 erga
2062 2694 2251 2750 Deum
2269 2736 2286 2764 7

187 2800 319 2859 erga
352 2802 412 2840 se
437 2803 501 2842 ac
525 2786 875 2844 societatem.
913 2783 979 2843 30
1005 2785 1180 2843 Porro
1205 2786 1351 2843 ratio
1380 2785 1455 2844 ad
1479 2786 1664 2844 instar
1692 2787 1930 2845 seminis
1956 2787 2018 2843 in
2049 2785 2291 2845 homine

189 2872 363 2949 latet7
401 2877 558 2957 quod
581 2898 843 2939 successu
880 2880 1160 2961 temporis
1195 2879 1387 2942 evolvi
1424 2880 1630 2955 debet,
1673 2893 1741 2940 ut
1775 2892 1990 2940 crescat
2011 2925 2027 2955 7
2066 2891 2124 2940 et
2152 2902 2288 2962 per—-

190 2968 498 3031 sectionem
532 2971 639 3032 sibi
666 2976 963 3057 propriam
1007 2976 1277 3056 attingat.
1317 2977 1684 3036 Institutione
1722 2988 2029 3060 propterea
2070 2975 2290 3056 indiget

192 3066 338 3122 ratio
359 3077 417 3124 et
445 3067 601 3153 cultu
620 3114 636 3143 7
676 3071 1032 3150 experientia
1055 3115 1071 3142 7
1104 3073 1626 3131 communicatione
1658 3117 1674 3146 7
1719 3073 2043 3153 ceterisque
2088 3072 2289 3153 praesi-

193 3157 333 3232 diis7
366 3171 429 3218 ut
457 3165 759 3250 perveniat
787 3164 858 3222 ad
885 3166 1227 3240 veritatem3
1279 3188 1406 3248 quae
1450 3168 1496 3225 si
1522 3166 1714 3225 adsint
1735 3212 1751 3241 7
1787 3167 2096 3228 veritatem
2129 3177 2289 3225 certe

193 3266 546 3334 assequetur.
580 3258 744 3337 Ergo,

274 3349 346 3407 51
394 3352 565 3432 Resp.
607 3353 681 3412 ad
713 3355 814 3430 1⁰¹7
846 3357 1001 3416 Dist.
1033 3355 1269 3437 Physice
1304 3368 1362 3416 et
1387 3356 1683 3429 absolute7
1719 3379 1909 3431 carzag
1945 3356 2243 3416 moraliter
2269 3401 2287 3431 7
2348 3362 2356 3368 ’

191 3467 320 3526 neq.
354 3448 436 3504 De
474 3447 582 3506 hac
607 3470 743 3509 vero
777 3451 981 3510 morali
1021 3453 1279 3533 potentia
1302 3452 1614 3534 loquimur.
1666 3452 1904 3533 Physica
1934 3454 2090 3511 enim
2114 3456 2289 3533 *pote-

294 3662 355 3725 (1)
391 3662 486 3716 Cfr.
527 3663 740 3713 Bellarm.
773 3663 852 3714 De
885 3674 1012 3731 qrat.
1043 3676 1088 3716 et
1121 3667 1206 3718 lib.
1241 3667 1379 3716 arbit.
1418 3668 1498 3717 lib.
1534 3686 1564 3716 v
1584 3707 1597 3730 7
1630 3687 1654 3718 a
1684 3686 1785 3735 cap.
1830 3691 1862 3735 ⁴
1888 3671 1945 3719 ad
1971 3685 2023 3736 9.
