2430 4056
2121 93 2238 156 385

541 125 662 164 CAP.
708 125 766 162 V.
815 122 873 160 IN
915 117 1178 158 SUPERIUS
1222 115 1528 158 msPU'rA'rA
1570 112 1819 155 senona.

228 270 362 330 194.
411 261 707 346 Quidquid
739 280 913 344 porro
951 249 1022 318 de
1055 258 1163 319 hac
1201 258 1590 322 controversia
1631 257 1705 317 sit
1726 303 1743 335 ‚
1799 276 1974 339 quam
2022 255 2240 318 diutius

144 387 264 426 non
287 372 452 426 vacat
475 355 803 440 expendere
819 398 835 428 ‚
869 353 1012 412 illud
1036 353 1325 413 commodi
1366 375 1438 412 ex
1471 374 1536 412 ea
1560 351 1844 412 habemus
1866 397 1882 425 ‚
1929 349 2085 440 quo-d
2112 363 2242 414 tuto
2275 400 2277 402 -

143 453 647 544 possitaffirmari‚
673 450 1044 537 sententiam,
1065 459 1417 508 asserentem
1439 449 1806 507 Sacramenta
1841 446 2059 506 Veteris
2086 447 2246 527 Legis

145 552 482 636 produxisse
497 545 739 628 gratiam
761 564 832 602 ex
855 563 1028 624 opere
1050 552 1287 623 operato
1311 542 1518 611 saltem
1532 563 1638 623 per
1662 541 1947 616 accidens,
1962 541 2111 601 ‘fidei
2125 564 2248 601 non

147 645 595 716 adversari3'ut
653 638 809 697 enim
851 637 988 695 scite
1028 635 1299 696 observat
1329 635 1748 712 Bellarminus‚
1791 635 1913 695 haec
1939 635 2251 696 Scholastiss

147 762 344 801 corum
369 721 628 796 doc-trina
648 778 662 806 ‚
693 752 820 813 quae
843 729 1022 790 talem
1042 729 1247 789 tribuit
1274 723 1586 790 efficaciam
1616 731 2000 791 Sacramentis
2029 731 2250 791 Veteris

146 835 308 914 Legis
328 829 647 914 praesertim
664 848 802 886 vero
819 825 1258 898 circumcisioni,
1283 824 1563 883 confundi
1583 825 1786 906 nequit
1807 845 1938 883 cum
1960 825 2252 884 erroribus

146 927 567 995 haereticorum.
594 922 695 981 Isti
717 921 877 980 enim
904 921 1412 978 Sacramentorum
1439 920 1703 978 omnium
1728 931 1850 979 tam
1876 921 2055 980 Novae
2077 941 2256 1001 quam

149 1021 368 1081 Veteris
386 1020 544 1098 Legis
570 1018 693 1078 vim
712 1025 1016 1095 exaequant
1045 1012 1410 1072 detrahendo
1433 1016 1610 1075 Novae
1637 1014 1800 1094 Legis
1829 1015 2214 1074 Sacramentis
2235 1058 2253 1089 ‚

110 1130 115 1132 ’
150 1114 292 1175 dum
330 1123 545 1192 negant
591 1109 664 1169 ab
710 1109 832 1167 istis
876 1106 1117 1190 produci
1160 1109 1403 1186 gratiam
1442 1130 1512 1166 ea·
1550 1130 1716 1188 opere
1747 1107 2017 1188 operat03
2057 1121 2258 1168 contra

150 1231 292 1272 vero
325 1205 658 1268 Scholastici
693 1203 781 1262 illi
811 1202 1194 1261 sacramentis
1222 1223 1253 1259 a
1294 1202 1521 1261 Christo
1560 1203 1843 1262 institutis
1881 1203 2032 1262 nihil
2071 1203 2260 1263 detra-

154 1303 331 1377 hunt,
357 1300 460 1361 sed
473 1311 670 1361 vetera
685 1307 916 1360 tantum
934 1294 1247 1369 extollunt,
1272 1317 1378 1354 nec
1398 1297 1525 1357 sine
1543 1296 1735 1378 aliqua
1758 1299 2121 1358 restrictione
2144 1299 2255 1378 (l).

243 1397 377 1455 195.
425 1397 492 1454 In
536 1395 780 1452 istorum
823 1389 1243 1469 Theologorum
1290 1393 1598 1471 sententia⁸
1619 1393 1836 1451 facilius
1885 1394 2060 1452 etiam
2106 1415 2263 1453 com-

118 1562 125 1567 „
157 1501 489 1574 ponuntur,
526 1508 656 1570 quae
685 1486 757 1546 de
786 1486 843 1547 vi
870 1496 929 1544 et
957 1484 1204 1544 efficacia
1249 1484 1693 1545 circumcisionis
1721 1489 2009 1546 contraria
2046 1488 2263 1569 praedi-

155 1586 275 1645 cari
307 1584 587 1647 videntur
605 1582 727 1642 sive
751 1602 784 1639 a
808 1579 992 1638 Sacris
1014 1579 1242 1637 Litteris
1267 1580 1387 1640 sive
1419 1602 1449 1638 a
1475 1579 1695 1639 Sanctis
1722 1580 2006 1640 PatribuS.
2033 1583 2266 1642 Etenim

158 1682 369 1739 GeneS.
401 1679 557 1737 XVII
577 1722 592 1751 ‚
626 1675 698 1735 14
718 1721 734 1751 ‚
760 1675 969 1754 legitur
997 1699 1013 1732 ;
1051 1673 1365 1732 Masculus
1393 1718 1410 1747 ‚
1439 1680 1616 1752 cujus
1641 1681 1944 1755 praeputii
1973 1698 2113 1735 caro
2141 1680 2271 1736 cir-

157 1777 423 1833 cumcisa
455 1793 573 1831 non
594 1757 815 1849 fuerit,
840 1769 1134 1826 delebitur
1159 1775 1374 1826 anima
1402 1771 1571 1828 illius
1605 1772 1673 1827 de
1692 1774 1918 1849 populo
1942 1793 2082 1838 suo,·
2111 1777 2264 1851 quia

146 1879 403 1948 pactum
435 1887 636 1925 meum
664 1868 919 1923 irritum
938 1865 1100 1941 fecit.
1139 1861 1358 1933 Quibus
1401 1862 1593 1924 verbis
1635 1866 2004 1945 potissimum
2035 1867 2270 1925 innixus

157 1964 215 2020 S.
239 1961 612 2040 Augustinus,
640 1956 942 2018 contendit
973 1957 1464 2015 circumcisionem
1490 1959 1817 2017 institutam
1848 1960 2020 2020 fuisse
2054 1961 2127 2020 ad
2165 1961 2272 2021 de-

157 2055 398 2116 lendam
457 2054 796 2135 originalem
847 2051 1063 2111 labem..
1134 2053 1280 2115 Eum
1340 2051 1533 2132 plures
1587 2054 1633 2110 T
1637 2053 1862 2131 heologi
1926 2066 2270 2135 sequuntur.

100 2163 106 2166 ⁷
162 2151 377 2209 Contra
413 2171 554 2209 vero
601 2146 940 2228 ApostoluS,
986 2148 1010 2203 I
1048 2147 1179 2204 Cor.
1216 2147 1347 2219 Vll,
1392 2148 1465 2204 19
1501 2170 1514 2205 :
1560 2148 1989 2221 Circumcisio,
2034 2149 2226 2230 inquit
2251 2195 2268 2224 .,

167 2244 330 2305 nihil
351 2256 450 2306 est.
485 2245 556 2302 Et
578 2244 789 2302 GeneS.
816 2240 977 2299 XVII
998 2284 1015 2315 7
1057 2240 1126 2297 11
1154 2284 1169 2314 a
1193 2241 1460 2298 instituta
1500 2241 1850 2300 circumcisio
1889 2242 2233 2323 perhibetur
2252 2289 2268 2319 .,

167 2493 425 2563 passionem
475 2507 570 2540 esse
625 2504 822 2537 causam
876 2481 1171 2534 meritoriam

148 2575 505 2644 'justificationis
525 2609 538 2633 ‚
574 2582 626 2620 ut
655 2571 902 2620 declaravit
936 2568 1170 2616 Tridenti—

170 2674 286 2705 num
307 2694 321 2717 ‚
349 2656 463 2703 hinc
493 2653 652 2703 eadem
671 2655 846 2701 ratione
881 2659 1055 2716 poterat
1068 2666 1171 2713 ope·

169 2738 259 2788 rari
285 2755 368 2803 per
412 2734 706 2785 Sacramenta
734 2734 798 2783 V.
834 2729 890 2784 L.
928 2751 1019 2804 qua
1058 2753 1173 2803 ope-

172 2829 299 2870 ratur
353 2819 405 2867 in
453 2817 755 2866 sacramentis
793 2816 855 2866 N.
909 2817 964 2867 L.
1012 2820 1172 2871 Obser-

172 2911 251 2951 vat
276 2904 462 2964 insuper
480 2916 560 2963 per
588 2901 866 2947 contrariam
898 2905 1172 2951 sententiam

174 2983 277 3049 plus
301 2976 512 3030 efficacia}
525 2979 668 3027 tribui
683 2979 790 3027 fidei
803 2981 853 3028 in
878 2980 934 3029 V.
954 2982 1012 3032 T.
1030 3001 1175 3049 quam-

171 3068 223 3113 in
248 3062 415 3125 N'ovo3
446 3062 618 3110 etenim
653 3062 755 3109 sine
783 3056 1092 3113 Sacramentis
1127 3075 1171 3114 et

171 3142 404 3195 sacrificiis
442 3144 662 3208 potuisset
702 3144 990 3208 justificare,
1040 3146 1169 3212 quod

173 3225 372 3292 amplius
400 3240 530 3273 nunc
563 3239 660 3271 non
688 3233 834 3288 potest
859 3241 874 3287 3
906 3225 1073 3276 deinde
1102 3229 1173 3275 vi-

174 3308 342 3358 dentur
362 3306 414 3354 in
451 3323 504 3354 ea
535 3303 742 3355 enervari
771 3305 1064 3371 probationes
1080 3307 1170 3356 Ca-

175 3389 485 3447 tholicorum,
533 3388 615 3453 qui
652 3403 705 3436 ex
747 3382 979 3437 similibus
1023 3387 1082 3439 N.
1111 3388 1169 3438 T.

176 3471 449 3521 testimoniis
471 3465 664 3534 probant
679 3505 694 3528 ,
707 3464 1012 3526 ,Sacramenta
1032 3469 1172 3522 Novae

179 3551 311 3617 Legis
338 3551 528 3617 gratiam
556 3550 781 3601 conferre.

257 3648 324 3708 T.
362 3645 446 3721 v,

1340 2490 1382 2554 (1
1441 2489 1520 2538 De
1556 2490 1775 2540 Sacram.
1820 2490 1907 2541 lib.
1952 2508 2017 2554 n,
2048 2509 2153 2559 cap.
2187 2494 2266 2556 13,

1267 2588 1318 2619 n.
1346 2569 1398 2620 6.
1431 2571 1520 2636 Qui
1547 2583 1703 2622 tamen
1739 2576 1915 2623 censuit
1943 2585 2043 2623 tum
2074 2593 2099 2624 a
2130 2575 2272 2626 Conc.

1267 2652 1533 2703 Florentino
1555 2666 1655 2704 tum
1673 2674 1698 2704 a
1719 2655 1861 2704 Cone.
1890 2656 2161 2706 Tridentino
2184 2658 2268 2707 de-

1267 2735 1452 2784 finitum
1495 2738 1631 2785 fuisse
1667 2774 1680 2796 ‚
1732 2737 1931 2786 Mosaica
1971 2737 2268 2789 Sacramenta

1269 2834 1364 2864 non
1390 2816 1643 2882 producere
1677 2822 1870 2883 gratiam
1900 2836 1957 2867 ex
1999 2836 2133 2884 opere
2163 2839 2272 2886 ope-

1268 2908 1378 2963 rato.
1413 2900 1489 2948 Sic
1531 2902 1656 2948 enim
1708 2902 1839 2948 initio
1888 2901 2028 2966 hujus
2079 2905 2274 2968 capitis„

1268 2980 1436 3030 scilicet
1455 2999 1508 3030 n.
1538 2983 1845 3047 1,scripserat
1876 2998 1890 3029 ε
1924 2981 2164 3030 Catholici
2180 3000 2278 3034 om·-

1268 3079 1352 3111 nes
1384 3064 1702 3120 conveniunt,
1740 3062 2052 3112 Sacramenta
2103 3066 2170 3113 V.
2207 3063 2268 3117 L

1267 3161 1371 3210 quoe
1398 3146 1595 3210 proprie
1619 3146 1829 3193 mosaica
1872 3145 2104 3193 dicuntur
2118 3181 2137 3210 ,
2168 3163 2269 3196 non

1269 3226 1521 3276 contulisse
1559 3229 1770 3291 qratiam
1799 3242 1858 3274 ccc
1894 3243 2029 3293 opere
2063 3237 2269 3293 operato.

1267 3309 1338 3358 Id
1358 3311 1488 3369 enim
1515 3308 1684 3357 docent
1729 3325 1890 3356 omnes
1932 3307 2193 3373 Theoloqi,
2210 3311 2269 3358 in

1269 3408 1334 3452 iv,
1369 3391 1481 3441 dist.
1521 3402 1574 3454 13
1614 3399 1660 3439 et
1702 3390 1832 3439 idem
1889 3383 2105 3456 definivit
2143 3389 2276 3439 Con-

1268 3474 1440 3525 cilium
1463 3472 1803 3522 Florentinum
1819 3475 1875 3521 in
1898 3470 2137 3521 Instruct.
2161 3471 2276 3521 Ar·

1270 3573 1518 3609 manorum
1545 3592 1560 3618 ‚
1595 3563 1639 3604 et
1682 3554 1829 3606 Cone.
1890 3553 2264 3618 Tridentinum

1908 3633 1999 3692 25¹
