2430 4056
494 154 648 192 mm.
696 154 758 192 11.
803 151 923 192 on.
969 151 1031 190 11.
1080 152 1147 189 mi
1191 151 1634 191 JUS'rlrchTloNB
1677 152 1842 189 mm.
2089 125 2208 191 '255

129 292 237 353 sibi
258 272 401 372 Jam'
426 293 657 352 dimissa
694 311 815 353 esse
858 301 1125 371 peccata3
1157 291 1313 373 quod
1351 291 1398 350 si
1438 291 1589 351 hanc
1621 291 1799 351 fidem'
1830 311 1952 350 non
1987 289 2165 353 habet
2191 339 2207 370 7

128 388 336 447 frustra
369 388 516 470 petit
549 386 653 446 sihi
687 385 903 444 dimitti
936 395 1165 466 peccata
1193 430 1208 459 7
1251 406 1384 444 cum
1418 386 1640 444 nemini
1676 386 1799 444 sine
1820 385 1942 445 fide
1980 397 2209 469 peccata

131 480 345 540 dimitti
389 481 630 564 possint.
697 477 859 539 Addo
878 524 893 552 7
951 479 1060 538 hoc
1105 489 1500 539 commentum
1539 499 1660 538 esse
1714 489 1915 538 contra
1963 490 2211 560 systema

128 573 390 655 ipsorum
428 573 879 633 Protestantium
902 617 918 647 7
961 577 1126 651 juxta
1164 571 1318 654 quod
1360 583 1496 632 ante
1523 572 1993 650 justificationem
2034 573 2210 633 homo

131 669 291 727 omni
313 667 578 728 libertate
605 666 913 727 destitutus
946 677 1051 726 est.
1067 653 1250 745 'Erga

919 867 1399 910 DIFFICULTATES.

211 1033 348 1092 561.
395 1031 527 1111 Obj.
570 1033 686 1093 Soli
722 1034 942 1094 fiduciae
976 1031 1247 1092 adscribit
1283 1031 1541 1091 Christus
1578 1030 1973 1091 remissionem
2013 1055 2213 1114 pecca-

128 1122 321 1187 torum
349 1173 365 1201 7
397 1127 606 1203 Matth7
635 1130 711 1187 IX
730 1175 745 1203 7
769 1129 810 1185 2
836 1150 849 1185 ε
895 1128 1108 1188 Videas
1128 1128 1307 1206 fidem
1329 1128 1573 1184 illorum
1594 1171 1609 1199 7
1641 1126 1802 1184 discit
1823 1130 2163 1207 paralytico
2193 1151 2206 1187 τ

127 1223 344 1300 confide
359 1264 379 1292 ,
409 1223 507 1299 fili
536 1267 551 1295 7
575 1227 968 1280 remittuntur
1000 1223 1117 1280 tibi
1131 1231 1376 1300 peccata
1413 1231 1553 1293 ταας
1595 1231 1652 1279 et
1686 1242 1744 1280 v.
1776 1221 1857 1278 22
1884 1221 1962 1279 ait
1987 1222 2213 1282 hemor-

128 1316 358 1375 rhoissae
389 1337 402 1373 :
441 1316 672 1395 Confido
693 1360 708 1388 7
727 1317 862 1393 filia
877 1360 898 1386 ,
922 1316 1067 1393 fides
1090 1326 1258 1374 tuate
1276 1317 1504 1374 salvam
1524 1318 1702 1393 βείω
1720 1316 1855 1373 Luc.
1882 1317 2058 1390 XV117
2095 1319 2165 1376 19
2192 1340 2206 1376 z

128 1413 305 1471 Fides
340 1421 448 1470 tua
486 1422 536 1468 te
571 1412 808 1469 salvum
843 1415 997 1485 fecit.
1032 1412 1218 1483 Quam
1255 1409 1522 1468 fiduciam
1545 1419 1610 1467 ut
1631 1409 1809 1487 magis
1854 1409 2166 1471 inculcaret
2192 1458 2207 1486 7

129 1507 301 1565 Marc.
351 1507 430 1564 XI
449 1551 466 1581 7
511 1506 590 1563 24
612 1550 628 1579 7
678 1504 904 1563 dicebat
954 1505 1243 1586 discipulis
1300 1504 1415 1562 suis
1458 1526 1471 1560 ε
1523 1505 1745 1562 Omnia
1771 1547 1789 1570 ‚
1833 1526 2214 1584 quoecumque

118 1610 361 1658 orantes
377 1604 582 1678 petitis
603 1642 624 1670 ,
652 1600 864 1657 credite
880 1642 900 1670 ,
923 1604 1068 1677 quia
1094 1603 1398 1678 accipietis
1421 1643 1436 1670 7
1459 1608 1514 1655 et
1538 1602 1801 1655 eve-nient
1836 1599 2012 1656 vohis.
2046 1598 2213 1671 Quod

129 1694 175 1751 si
199 1703 385 1752 cetera
411 1714 515 1775 per
534 1691 802 1751 fiduciam
830 1690 1168 1751 obtinentur
1184 1737 1200 1767 7
1228 1692 1414 1750 multo
1432 1693 1608 1770 magis
1629 1703 1993 1772 peccatorum
2016 1694 2214 1752 remis-

128 1787 229 1844 sio.
263 1788 411 1844 Hinc
438 1786 645 1844 Paulus
667 1831 682 1860 7
710 1787 829 1845 Act.
867 1787 999 1844 XIII
1022 1831 1037 1860 7
1070 1786 1146 1845 38
1174 1832 1190 1861 7
1215 1787 1294 1844 sic
1322 1788 1355 1845 J
1362 1785 1550 1844 udaeos
1589 1786 1902 1866 alloquitur
1935 1809 1947 1844 :
1983 1788 2213 1846 Notum

126 1884 322 1959 {qitzar
341 1882 420 1938 sib
441 1881 599 1937 vobis
613 1922 634 1950 ,
668 1884 791 1938 viri
809 1883 1038 1957 fratres
1062 1927 1078 1957 7
1116 1886 1263 1959 quia
1283 1902 1399 1959 per
1423 1881 1579 1939 huno
1610 1883 1771 1938 vohis
1795 1887 2060 1939 remissio
2078 1903 2213 1960 pec-

128 1987 396 2035 catorum
432 1980 910 2035 annuntiatur...
942 1979 1013 2034 in
1051 1977 1154 2035 hoo
1198 1981 1391 2034 omnis
1420 2021 1435 2049 7
1474 1981 1588 2054 qui
1611 1978 1826 2049 credit,
1841 1979 2214 2055 justificabi-

129 2081 250 2128 tur.
287 2071 360 2128 Et
379 2070 669 2150 conceptis
701 2069 892 2130 verbis
921 2071 1134 2151 passim
1173 2070 1347 2129 fidem
1383 2081 1551 2129 vocat
1579 2069 1845 2131 fiduciam
1867 2117 1882 2144 7
1925 2082 1992 2129 ut
2030 2093 2161 2131 cum
2193 2119 2210 2147 7

100 2157 104 2160 ’
132 2163 339 2244 Ephes.
376 2165 486 2239 111,
519 2164 592 2220 12
615 2208 630 2237 7
669 2164 743 2222 de
774 2163 1002 2223 Christo
1031 2164 1227 2223 scribit
1254 2186 1267 2221 ε
1301 2165 1381 2223 In
1405 2185 1518 2243 quo
1547 2166 1832 2223 habemus
1849 2166 2142 2242 fiduciam
2164 2179 2217 2225 et

132 2278 426 2316 accessum
455 2261 525 2314 in
555 2258 910 2334 confidentia
929 2279 1042 2336 per
1055 2260 1233 2335 fidem
1270 2262 1431 2334 cjus;
1473 2269 1531 2316 et
1555 2258 1734 2316 Hebr.
1774 2260 1852 2317 XI
1872 2304 1887 2331 7
1927 2260 1955 2316 1
1998 2281 2010 2315 :
2040 2262 2215 2320 Fides

131 2362 214 2409 est
230 2351 670 2428 sperandamm
693 2352 1029 2408 substantia
1054 2355 1260 2409 rerum
1279 2393 1299 2422 ,
1323 2372 1423 2408 seu
1440 2363 1505 2408 ut
1527 2371 1705 2429 graece
1732 2351 1939 2430 legitur
1965 2360 2214 2421 ὑπόστασις

131 2442 503 2525 (hypostasis)
531 2466 743 2524 nempe
763 2448 1120 2522 empectati03
1154 2466 1223 2503 ex
1247 2466 1361 2525 quo
1383 2455 1543 2525 patet
1565 2466 1685 2503 non
1711 2444 1866 2503 aliud
1889 2447 2064 2506 fidem
2092 2470 2214 2508 esse

130 2548 342 2618 praeter
354 2539 815 2618 expectationem
838 2539 1237 2598 misericordiae
1252 2539 1494 2613 divinae,
1512 2559 1617 2597 nec
1638 2539 1882 2619 proinde
1906 2542 2214 2603 consistere

131 2631 243 2689 nisi
284 2631 350 2690 in
396 2631 620 2691 fiducia.
667 2634 817 2691 Sane
857 2633 1079 2713 quoties
1122 2631 1337 2714 ali-quid
1374 2632 1538 2691 nobis
1590 2633 1681 2693 vel
1717 2635 2063 2714 promissum
2120 2637 2214 2697 vel

132 2723 394 2783 oblatum
426 2737 516 2784 est
535 2771 551 2800 7
586 2725 734 2784 nihil
767 2725 926 2785 aliud
953 2727 1264 2807 requiritur
1290 2748 1360 2786 ex
1389 2737 1554 2807 parte
1583 2738 1778 2785 nostra
1811 2750 1986 2809 quam
2012 2750 2234 2812 accep-j

41 2869 45 2873 .
132 2819 311 2892 tati03
349 2839 520 2899 pon-o
549 2820 875 2897 ‘justificatio
915 2820 1081 2882 nobis
1109 2843 1141 2879 a
1178 2821 1404 2880 Christo
1446 2822 1726 2902 promissa
1767 2833 1825 2880 et
1869 2822 2060 2882 oblata
2100 2836 2207 2884 est.

130 2913 292 2991 Ergo.
678 2915 680 2918 ’

213 3006 350 3065 562.
398 3009 568 3088 Resp.
602 3010 760 3068 Disc.
805 3020 929 3068 ant.
979 3008 1264 3068 Adscribit
1303 3009 1562 3069 Christus
1597 3009 1990 3069 remissionem
2012 3033 2213 3093 pecca-

135 3111 326 3161 torum
362 3101 614 3177 fiduciae,
646 3123 770 3184 quae
812 3103 1027 3164 oriatur
1054 3124 1125 3163 ex
1154 3105 1320 3163 firmo
1358 3124 1591 3162 assensu
1632 3103 1700 3176 iis
1745 3103 2213 3187 omnibus7rquae

133 3196 285 3252 Deus
321 3196 633 3271 revelavit7
674 3219 860 3270 conca,
902 3197 1124 3257 fiduciae
1158 3198 1232 3257 de
1267 3197 1527 3256 demissis
1564 3195 1671 3254 sibi
1700 3199 1969 3278 peccatis7
2001 3211 2066 3258 ut
2095 3204 2213 3259 No-

132 3299 360 3349 vatores
410 3301 749 3366 autumant7
804 3313 928 3372 neq.
974 3292 1095 3350 Nisi
1133 3293 1288 3353 enim
1335 3291 1620 3372 quispiam
1659 3313 1765 3371 pro
1805 3303 1960 3351 certo
2001 3293 2213 3357 habeat

133 3382 416 3464 quidquid
448 3386 599 3443 Deus
621 3385 899 3455 revelavit
917 3430 938 3458 ,
966 3384 1314 3468 impossibile
1341 3396 1433 3444 est
1463 3395 1526 3443 ut
1549 3386 1832 3466 concipiat
1854 3386 2123 3448 fiduciam
2139 3389 2212 3448 de

133 3477 467 3538 remissione
490 3490 854 3560 peecatorum
874 3526 891 3555 7
907 3502 1090 3563 quam
1114 3483 1264 3540 Deus
1279 3478 1567 3560 pollicitus
1588 3479 1758 3538 estiis
1776 3480 2048 3542 omnibus
2068 3526 2085 3557 ‚
2110 3483 2212 3562 qui

134 3570 195 3628 in
215 3571 407 3653 ipsum
428 3573 675 3633 credunt
696 3585 756 3634 et
773 3574 1134 3637 conditiones
1155 3573 1479 3656 adimplent
1497 3573 1571 3633 ad
1599 3573 1829 3635 veniam
1846 3587 2210 3657 peccatorum
