<?xml version="1.0" encoding="UTF-8"?>
<!DOCTYPE html PUBLIC "-//W3C//DTD XHTML 1.0 Transitional//EN"
    "http://www.w3.org/TR/xhtml1/DTD/xhtml1-transitional.dtd">
<html xmlns="http://www.w3.org/1999/xhtml" xml:lang="en" lang="en">
 <head>
  <title>
</title>
<meta http-equiv="Content-Type" content="text/html;charset=utf-8" />
  <meta name='ocr-system' content='tesseract 3.04.00' />
  <meta name='ocr-capabilities' content='ocr_page ocr_carea ocr_par ocr_line ocrx_word'/>
</head>
<body>
  <div class='ocr_page' id='page_1' title='image "a603693805perruoft_0123.png"; bbox 0 0 2540 4074; ppageno 0'>
   <div class='ocr_carea' id='block_1_1' title="bbox 2105 174 2214 233">
    <p class='ocr_par' dir='ltr' id='par_1_1' title="bbox 2105 174 2214 233">
     <span class='ocr_line' id='line_1_1' title="bbox 2105 174 2214 233; baseline 0.018 -2"><span class='ocrx_word' id='word_1_1' title='bbox 2105 174 2214 233; x_wconf 83' lang='lat'>117</span> 
     </span>
    </p>
   </div>
   <div class='ocr_carea' id='block_1_2' title="bbox 501 188 1833 231">
    <p class='ocr_par' dir='ltr' id='par_1_2' title="bbox 501 188 1833 231">
     <span class='ocr_line' id='line_1_2' title="bbox 501 188 1833 231; baseline 0 -1"><span class='ocrx_word' id='word_1_2' title='bbox 501 192 656 230; x_wconf 75' lang='lat' dir='ltr'>PAR&#39;r.</span> <span class='ocrx_word' id='word_1_3' title='bbox 704 194 746 228; x_wconf 90' lang='lat'>1.</span> <span class='ocrx_word' id='word_1_4' title='bbox 792 189 911 229; x_wconf 74' lang='lat' dir='ltr'>cAP.</span> <span class='ocrx_word' id='word_1_5' title='bbox 955 191 1043 229; x_wconf 91' lang='lat'>111.</span> <span class='ocrx_word' id='word_1_6' title='bbox 1089 192 1160 229; x_wconf 75' lang='lat' dir='ltr'>DE</span> <span class='ocrx_word' id='word_1_7' title='bbox 1201 188 1552 231; x_wconf 73' lang='lat' dir='ltr'>GRA&#39;rm&#39;rA‘rE</span> <span class='ocrx_word' id='word_1_8' title='bbox 1596 191 1833 230; x_wconf 57' lang='lat' dir='ltr'>GRA&#39;rxAEs</span> 
     </span>
    </p>
   </div>
   <div class='ocr_carea' id='block_1_3' title="bbox 54 321 2216 2110">
    <p class='ocr_par' dir='ltr' id='par_1_3' title="bbox 54 321 2216 1445">
     <span class='ocr_line' id='line_1_3' title="bbox 222 321 2214 413; baseline 0 -23"><span class='ocrx_word' id='word_1_9' title='bbox 222 331 359 390; x_wconf 77' lang='lat'>240.</span> <span class='ocrx_word' id='word_1_10' title='bbox 404 330 515 390; x_wconf 69' lang='lat' dir='ltr'>Ad‘</span> <span class='ocrx_word' id='word_1_11' title='bbox 544 329 661 403; x_wconf 44' lang='lat'>5¹³5</span> <span class='ocrx_word' id='word_1_12' title='bbox 685 321 1060 390; x_wconf 68' lang='lat' dir='ltr'>Dist..Sensu</span> <span class='ocrx_word' id='word_1_13' title='bbox 1107 329 1279 388; x_wconf 89' lang='lat' dir='ltr'>modo</span> <span class='ocrx_word' id='word_1_14' title='bbox 1332 331 1586 411; x_wconf 82' lang='lat' dir='ltr'>exposito</span> <span class='ocrx_word' id='word_1_15' title='bbox 1616 375 1632 403; x_wconf 79' lang='grc'><em>,</em></span> <span class='ocrx_word' id='word_1_16' title='bbox 1684 351 1872 397; x_wconf 75' lang='grc' dir='ltr'><strong>οοησ.,·</strong></span> <span class='ocrx_word' id='word_1_17' title='bbox 1918 351 2090 391; x_wconf 89' lang='lat' dir='ltr'>sensu</span> <span class='ocrx_word' id='word_1_18' title='bbox 2108 354 2214 413; x_wconf 6' lang='lat' dir='ltr'>&gt;rse-</span> 
     </span>
     <span class='ocr_line' id='line_1_4' title="bbox 141 422 2216 506; baseline 0 -22"><span class='ocrx_word' id='word_1_19' title='bbox 141 425 518 506; x_wconf 85' lang='lat' dir='ltr'>mipelagiano</span> <span class='ocrx_word' id='word_1_20' title='bbox 536 467 552 498; x_wconf 92' lang='lat'>‚</span> <span class='ocrx_word' id='word_1_21' title='bbox 607 443 735 502; x_wconf 71' lang='lat' dir='ltr'>neq.</span> <span class='ocrx_word' id='word_1_22' title='bbox 785 422 1010 482; x_wconf 85' lang='lat' dir='ltr'>Prolata</span> <span class='ocrx_word' id='word_1_23' title='bbox 1054 425 1228 482; x_wconf 65' lang='lat' dir='ltr'>enim&gt;</span> <span class='ocrx_word' id='word_1_24' title='bbox 1252 423 1420 505; x_wconf 82' lang='lat' dir='ltr'>hujus</span> <span class='ocrx_word' id='word_1_25' title='bbox 1473 424 1627 482; x_wconf 87' lang='lat' dir='ltr'>effati</span> <span class='ocrx_word' id='word_1_26' title='bbox 1663 424 1989 506; x_wconf 82' lang='lat' dir='ltr'>explanatio</span> <span class='ocrx_word' id='word_1_27' title='bbox 2039 427 2216 484; x_wconf 90' lang='lat' dir='ltr'>semi-</span> 
     </span>
     <span class='ocr_line' id='line_1_5' title="bbox 138 516 2213 600; baseline 0 -23"><span class='ocrx_word' id='word_1_28' title='bbox 138 518 502 600; x_wconf 86' lang='lat' dir='ltr'>pelagianum</span> <span class='ocrx_word' id='word_1_29' title='bbox 527 537 759 574; x_wconf 89' lang='lat' dir='ltr'>sensum</span> <span class='ocrx_word' id='word_1_30' title='bbox 783 516 1051 576; x_wconf 80' lang='lat' dir='ltr'>excludit.</span> <span class='ocrx_word' id='word_1_31' title='bbox 1077 517 1294 576; x_wconf 84' lang='lat' dir='ltr'><strong>Exinde</strong></span> <span class='ocrx_word' id='word_1_32' title='bbox 1321 519 1494 577; x_wconf 91' lang='lat' dir='ltr'>etiam</span> <span class='ocrx_word' id='word_1_33' title='bbox 1512 529 1700 600; x_wconf 83' lang='lat' dir='ltr'>patet,</span> <span class='ocrx_word' id='word_1_34' title='bbox 1730 519 1951 577; x_wconf 91' lang='lat' dir='ltr'>nullam</span> <span class='ocrx_word' id='word_1_35' title='bbox 1965 519 2213 600; x_wconf 90' lang='lat' dir='ltr'>amplius</span> 
     </span>
     <span class='ocr_line' id='line_1_6' title="bbox 141 611 2214 696; baseline 0 -23"><span class='ocrx_word' id='word_1_36' title='bbox 141 613 337 673; x_wconf 79' lang='lat' dir='ltr'>adesse</span> <span class='ocrx_word' id='word_1_37' title='bbox 359 632 607 684; x_wconf 70' lang='lat' dir='ltr'>causam,</span> <span class='ocrx_word' id='word_1_38' title='bbox 633 632 733 670; x_wconf 92' lang='lat' dir='ltr'>cur</span> <span class='ocrx_word' id='word_1_39' title='bbox 753 611 1016 671; x_wconf 89' lang='lat' dir='ltr'>inuratur</span> <span class='ocrx_word' id='word_1_40' title='bbox 1039 613 1159 672; x_wconf 81' lang='lat' dir='ltr'>haec</span> <span class='ocrx_word' id='word_1_41' title='bbox 1188 624 1327 671; x_wconf 89' lang='lat' dir='ltr'>nota</span> <span class='ocrx_word' id='word_1_42' title='bbox 1351 623 1438 671; x_wconf 88' lang='lat' dir='ltr'>tot</span> <span class='ocrx_word' id='word_1_43' title='bbox 1460 614 1749 694; x_wconf 86' lang='lat' dir='ltr'>tantisque</span> <span class='ocrx_word' id='word_1_44' title='bbox 1771 615 1913 675; x_wconf 90' lang='lat' dir='ltr'>viris</span> <span class='ocrx_word' id='word_1_45' title='bbox 1941 661 1957 688; x_wconf 66' lang='lat'><em>⁷</em></span> <span class='ocrx_word' id='word_1_46' title='bbox 1984 615 2081 696; x_wconf 92' lang='lat' dir='ltr'>qui</span> <span class='ocrx_word' id='word_1_47' title='bbox 2108 635 2214 695; x_wconf 93' lang='lat' dir='ltr'>per</span> 
     </span>
     <span class='ocr_line' id='line_1_7' title="bbox 140 703 2211 789; baseline 0.001 -23"><span class='ocrx_word' id='word_1_48' title='bbox 140 717 227 766; x_wconf 87' lang='lat' dir='ltr'>tot</span> <span class='ocrx_word' id='word_1_49' title='bbox 249 705 432 777; x_wconf 89' lang='lat' dir='ltr'>secula</span> <span class='ocrx_word' id='word_1_50' title='bbox 460 703 608 763; x_wconf 90' lang='lat' dir='ltr'>illud</span> <span class='ocrx_word' id='word_1_51' title='bbox 635 705 856 764; x_wconf 83' lang='lat' dir='ltr'>axioma</span> <span class='ocrx_word' id='word_1_52' title='bbox 891 705 962 765; x_wconf 92' lang='lat' dir='ltr'>de</span> <span class='ocrx_word' id='word_1_53' title='bbox 986 718 1208 765; x_wconf 86' lang='lat' dir='ltr'>naturae</span> <span class='ocrx_word' id='word_1_54' title='bbox 1248 706 1463 766; x_wconf 89' lang='lat' dir='ltr'>viribus</span> <span class='ocrx_word' id='word_1_55' title='bbox 1490 720 1879 788; x_wconf 86' lang='lat' dir='ltr'>exposuerunt</span> <span class='ocrx_word' id='word_1_56' title='bbox 1907 709 2211 789; x_wconf 80' lang='lat' dir='ltr'>(1).Hanc</span> 
     </span>
     <span class='ocr_line' id='line_1_8' title="bbox 139 797 2204 880; baseline 0.001 -22"><span class='ocrx_word' id='word_1_57' title='bbox 139 797 484 858; x_wconf 82' lang='lat' dir='ltr'>calumniam</span> <span class='ocrx_word' id='word_1_58' title='bbox 533 799 844 858; x_wconf 90' lang='lat' dir='ltr'>Novatores</span> <span class='ocrx_word' id='word_1_59' title='bbox 881 799 1054 858; x_wconf 91' lang='lat' dir='ltr'>seculi</span> <span class='ocrx_word' id='word_1_60' title='bbox 1091 801 1216 857; x_wconf 89' lang='lat' dir='ltr'>XVI</span> <span class='ocrx_word' id='word_1_61' title='bbox 1255 799 1506 880; x_wconf 91' lang='lat' dir='ltr'>primum</span> <span class='ocrx_word' id='word_1_62' title='bbox 1548 800 1914 858; x_wconf 86' lang='lat' dir='ltr'>intentarunt</span> <span class='ocrx_word' id='word_1_63' title='bbox 1945 802 2004 858; x_wconf 91' lang='lat' dir='ltr'>in</span> <span class='ocrx_word' id='word_1_64' title='bbox 2037 802 2204 860; x_wconf 89' lang='lat' dir='ltr'>scho-</span> 
     </span>
     <span class='ocr_line' id='line_1_9' title="bbox 54 890 2206 974; baseline 0.002 -25"><span class='ocrx_word' id='word_1_65' title='bbox 54 906 57 909; x_wconf 88' lang='grc'><strong>’</strong></span> <span class='ocrx_word' id='word_1_66' title='bbox 134 891 357 950; x_wconf 85' lang='lat' dir='ltr'>lasticos</span> <span class='ocrx_word' id='word_1_67' title='bbox 377 936 393 965; x_wconf 62' lang='lat'>7</span> <span class='ocrx_word' id='word_1_68' title='bbox 416 901 618 973; x_wconf 88' lang='lat' dir='ltr'>utpote</span> <span class='ocrx_word' id='word_1_69' title='bbox 645 894 815 950; x_wconf 90' lang='lat' dir='ltr'>nimis</span> <span class='ocrx_word' id='word_1_70' title='bbox 853 905 1049 974; x_wconf 89' lang='lat' dir='ltr'>aperte</span> <span class='ocrx_word' id='word_1_71' title='bbox 1077 890 1332 973; x_wconf 86' lang='lat' dir='ltr'>ipsorum</span> <span class='ocrx_word' id='word_1_72' title='bbox 1355 891 1639 950; x_wconf 89' lang='lat' dir='ltr'>erroribus</span> <span class='ocrx_word' id='word_1_73' title='bbox 1667 893 2034 953; x_wconf 85' lang='lat' dir='ltr'>adversantes</span> <span class='ocrx_word' id='word_1_74' title='bbox 2069 896 2160 974; x_wconf 77' lang='lat'>(2)</span> <span class='ocrx_word' id='word_1_75' title='bbox 2189 922 2206 969; x_wconf 71' lang='grc' dir='ltr'><strong>ς</strong></span> 
     </span>
     <span class='ocr_line' id='line_1_10' title="bbox 131 986 2206 1074; baseline 0.002 -31"><span class='ocrx_word' id='word_1_76' title='bbox 131 998 328 1074; x_wconf 67' lang='lat' dir='ltr'>postea</span> <span class='ocrx_word' id='word_1_77' title='bbox 350 987 778 1065; x_wconf 78' lang='lat' dir='ltr'>ingeminarunt</span> <span class='ocrx_word' id='word_1_78' title='bbox 799 990 833 1046; x_wconf 91' lang='lat' dir='ltr'><strong>J</strong></span> <span class='ocrx_word' id='word_1_79' title='bbox 837 988 1137 1047; x_wconf 84' lang='lat' dir='ltr'>ansenistae</span> <span class='ocrx_word' id='word_1_80' title='bbox 1169 986 1371 1045; x_wconf 90' lang='lat' dir='ltr'>eadem</span> <span class='ocrx_word' id='word_1_81' title='bbox 1395 986 1468 1045; x_wconf 91' lang='lat' dir='ltr'>de</span> <span class='ocrx_word' id='word_1_82' title='bbox 1493 1007 1692 1059; x_wconf 62' lang='lat' dir='ltr'>causag</span> <span class='ocrx_word' id='word_1_83' title='bbox 1726 1008 1790 1045; x_wconf 92' lang='lat' dir='ltr'>ac</span> <span class='ocrx_word' id='word_1_84' title='bbox 1813 989 1992 1046; x_wconf 92' lang='lat' dir='ltr'>nimia</span> <span class='ocrx_word' id='word_1_85' title='bbox 2015 990 2206 1047; x_wconf 87' lang='lat' dir='ltr'>forsan</span> 
     </span>
     <span class='ocr_line' id='line_1_11' title="bbox 131 1079 2205 1163; baseline 0.001 -25"><span class='ocrx_word' id='word_1_86' title='bbox 131 1079 364 1140; x_wconf 82' lang='lat' dir='ltr'>levitate</span> <span class='ocrx_word' id='word_1_87' title='bbox 383 1080 651 1139; x_wconf 89' lang='lat' dir='ltr'>nonnulli</span> <span class='ocrx_word' id='word_1_88' title='bbox 666 1083 967 1163; x_wconf 85' lang='lat' dir='ltr'>scriptores</span> <span class='ocrx_word' id='word_1_89' title='bbox 990 1080 1248 1139; x_wconf 83' lang='lat' dir='ltr'>catholici</span> <span class='ocrx_word' id='word_1_90' title='bbox 1265 1081 1616 1161; x_wconf 87' lang='lat' dir='ltr'>adoptarunt</span> <span class='ocrx_word' id='word_1_91' title='bbox 1634 1126 1648 1152; x_wconf 87' lang='lat'>,</span> <span class='ocrx_word' id='word_1_92' title='bbox 1670 1102 1789 1138; x_wconf 92' lang='lat' dir='ltr'>non</span> <span class='ocrx_word' id='word_1_93' title='bbox 1811 1081 2205 1155; x_wconf 73' lang='lat' dir='ltr'>advertenteS‚</span> 
     </span>
     <span class='ocr_line' id='line_1_12' title="bbox 130 1174 2207 1254; baseline 0 -22"><span class='ocrx_word' id='word_1_94' title='bbox 130 1195 190 1233; x_wconf 90' lang='lat' dir='ltr'>se</span> <span class='ocrx_word' id='word_1_95' title='bbox 215 1174 321 1233; x_wconf 92' lang='lat' dir='ltr'>hac</span> <span class='ocrx_word' id='word_1_96' title='bbox 347 1176 566 1235; x_wconf 89' lang='lat' dir='ltr'>ratione</span> <span class='ocrx_word' id='word_1_97' title='bbox 602 1176 859 1234; x_wconf 86' lang='lat' dir='ltr'>Ecclesiae</span> <span class='ocrx_word' id='word_1_98' title='bbox 886 1174 1362 1234; x_wconf 85' lang='lat' dir='ltr'>obtrectatoribus</span> <span class='ocrx_word' id='word_1_99' title='bbox 1405 1195 1630 1232; x_wconf 86' lang='lat' dir='ltr'>causam</span> <span class='ocrx_word' id='word_1_100' title='bbox 1654 1174 1910 1254; x_wconf 72' lang='lat' dir='ltr'>praebere</span> <span class='ocrx_word' id='word_1_101' title='bbox 1950 1197 2076 1234; x_wconf 89' lang='lat' dir='ltr'>eam</span> <span class='ocrx_word' id='word_1_102' title='bbox 2101 1174 2207 1233; x_wconf 91' lang='lat' dir='ltr'>ob-</span> 
     </span>
     <span class='ocr_line' id='line_1_13' title="bbox 122 1268 2206 1351; baseline 0.001 -26"><span class='ocrx_word' id='word_1_103' title='bbox 122 1269 424 1348; x_wconf 82' lang='lat' dir='ltr'>jurgandi,</span> <span class='ocrx_word' id='word_1_104' title='bbox 461 1269 616 1349; x_wconf 89' lang='lat' dir='ltr'>quod</span> <span class='ocrx_word' id='word_1_105' title='bbox 653 1291 815 1350; x_wconf 87' lang='lat' dir='ltr'>passa</span> <span class='ocrx_word' id='word_1_106' title='bbox 854 1270 926 1327; x_wconf 90' lang='lat' dir='ltr'>sit</span> <span class='ocrx_word' id='word_1_107' title='bbox 959 1270 1198 1350; x_wconf 88' lang='lat' dir='ltr'>impune</span> <span class='ocrx_word' id='word_1_108' title='bbox 1234 1290 1297 1326; x_wconf 91' lang='lat' dir='ltr'>ac</span> <span class='ocrx_word' id='word_1_109' title='bbox 1327 1268 1553 1350; x_wconf 91' lang='lat' dir='ltr'>publice</span> <span class='ocrx_word' id='word_1_110' title='bbox 1581 1271 1642 1325; x_wconf 91' lang='lat' dir='ltr'>in</span> <span class='ocrx_word' id='word_1_111' title='bbox 1690 1269 1896 1328; x_wconf 89' lang='lat' dir='ltr'>scholis</span> <span class='ocrx_word' id='word_1_112' title='bbox 1926 1270 2076 1328; x_wconf 89' lang='lat' dir='ltr'>tradi</span> <span class='ocrx_word' id='word_1_113' title='bbox 2101 1291 2206 1351; x_wconf 89' lang='lat' dir='ltr'>per</span> 
     </span>
     <span class='ocr_line' id='line_1_14' title="bbox 127 1361 2209 1445; baseline 0.002 -26"><span class='ocrx_word' id='word_1_114' title='bbox 127 1371 360 1420; x_wconf 90' lang='lat' dir='ltr'>tantum</span> <span class='ocrx_word' id='word_1_115' title='bbox 399 1364 673 1443; x_wconf 87' lang='lat' dir='ltr'>temporis</span> <span class='ocrx_word' id='word_1_116' title='bbox 716 1363 964 1444; x_wconf 89' lang='lat' dir='ltr'>spatium</span> <span class='ocrx_word' id='word_1_117' title='bbox 1011 1362 1330 1430; x_wconf 81' lang='lat' dir='ltr'>doctrinam</span> <span class='ocrx_word' id='word_1_118' title='bbox 1358 1361 1683 1420; x_wconf 84' lang='lat' dir='ltr'>haereticam</span> <span class='ocrx_word' id='word_1_119' title='bbox 1705 1407 1719 1436; x_wconf 70' lang='grc'><em>,</em></span> <span class='ocrx_word' id='word_1_120' title='bbox 1764 1385 1951 1445; x_wconf 90' lang='lat' dir='ltr'>neque</span> <span class='ocrx_word' id='word_1_121' title='bbox 1982 1387 2086 1443; x_wconf 89' lang='lat' dir='ltr'>pro</span> <span class='ocrx_word' id='word_1_122' title='bbox 2123 1387 2209 1423; x_wconf 87' lang='lat' dir='ltr'>sa-</span> 
     </span>
    </p>

    <p class='ocr_par' dir='ltr' id='par_1_4' title="bbox 66 1456 2210 2110">
     <span class='ocr_line' id='line_1_15' title="bbox 127 1456 2210 1538; baseline 0.001 -24"><span class='ocrx_word' id='word_1_123' title='bbox 127 1457 344 1537; x_wconf 86' lang='lat' dir='ltr'>pientia</span> <span class='ocrx_word' id='word_1_124' title='bbox 370 1467 427 1514; x_wconf 91' lang='lat' dir='ltr'>et</span> <span class='ocrx_word' id='word_1_125' title='bbox 459 1458 792 1515; x_wconf 88' lang='lat' dir='ltr'>auctoritate</span> <span class='ocrx_word' id='word_1_126' title='bbox 814 1502 829 1530; x_wconf 75' lang='grc'><em>,</em></span> <span class='ocrx_word' id='word_1_127' title='bbox 858 1479 967 1537; x_wconf 90' lang='lat' dir='ltr'>qua</span> <span class='ocrx_word' id='word_1_128' title='bbox 987 1456 1169 1538; x_wconf 92' lang='lat' dir='ltr'>pollet</span> <span class='ocrx_word' id='word_1_129' title='bbox 1188 1502 1204 1530; x_wconf 64' lang='grc'><em>,</em></span> <span class='ocrx_word' id='word_1_130' title='bbox 1231 1477 1488 1536; x_wconf 89' lang='lat' dir='ltr'>unquam</span> <span class='ocrx_word' id='word_1_131' title='bbox 1512 1456 1576 1513; x_wconf 90' lang='lat' dir='ltr'>in</span> <span class='ocrx_word' id='word_1_132' title='bbox 1612 1478 1739 1514; x_wconf 89' lang='lat' dir='ltr'>eam</span> <span class='ocrx_word' id='word_1_133' title='bbox 1761 1457 2074 1517; x_wconf 84' lang='lat' dir='ltr'>adverterit</span> <span class='ocrx_word' id='word_1_134' title='bbox 2100 1505 2114 1531; x_wconf 88' lang='lat'>‚</span> <span class='ocrx_word' id='word_1_135' title='bbox 2143 1472 2210 1518; x_wconf 89' lang='lat' dir='ltr'>ut</span> 
     </span>
     <span class='ocr_line' id='line_1_16' title="bbox 66 1542 2203 1632; baseline 0.002 -25"><span class='ocrx_word' id='word_1_136' title='bbox 66 1542 72 1546; x_wconf 45' lang='grc'>’</span> <span class='ocrx_word' id='word_1_137' title='bbox 128 1548 442 1627; x_wconf 78' lang='lat' dir='ltr'>decuisset3</span> <span class='ocrx_word' id='word_1_138' title='bbox 467 1553 806 1610; x_wconf 74' lang='lat' dir='ltr'>obscuratas</span> <span class='ocrx_word' id='word_1_139' title='bbox 830 1551 1072 1632; x_wconf 88' lang='lat' dir='ltr'>proinde</span> <span class='ocrx_word' id='word_1_140' title='bbox 1088 1550 1395 1608; x_wconf 90' lang='lat' dir='ltr'>nonnullas</span> <span class='ocrx_word' id='word_1_141' title='bbox 1423 1551 1483 1607; x_wconf 92' lang='lat' dir='ltr'>in</span> <span class='ocrx_word' id='word_1_142' title='bbox 1511 1549 1754 1608; x_wconf 88' lang='lat' dir='ltr'>Ecclesia</span> <span class='ocrx_word' id='word_1_143' title='bbox 1777 1552 2045 1610; x_wconf 90' lang='lat' dir='ltr'>veritates</span> <span class='ocrx_word' id='word_1_144' title='bbox 2063 1574 2203 1628; x_wconf 79' lang='lat' dir='ltr'>esse,</span> 
     </span>
     <span class='ocr_line' id='line_1_17' title="bbox 127 1641 2207 1724; baseline 0.001 -24"><span class='ocrx_word' id='word_1_145' title='bbox 127 1641 307 1702; x_wconf 89' lang='lat' dir='ltr'>donec</span> <span class='ocrx_word' id='word_1_146' title='bbox 349 1649 467 1721; x_wconf 88' lang='lat' dir='ltr'>ejus</span> <span class='ocrx_word' id='word_1_147' title='bbox 512 1644 863 1724; x_wconf 83' lang='lat' dir='ltr'>vigilantiam</span> <span class='ocrx_word' id='word_1_148' title='bbox 916 1645 1167 1703; x_wconf 82' lang='lat' dir='ltr'>haeretici</span> <span class='ocrx_word' id='word_1_149' title='bbox 1223 1644 1616 1703; x_wconf 76' lang='lat' dir='ltr'>excitaverint.</span> <span class='ocrx_word' id='word_1_150' title='bbox 1675 1646 1812 1717; x_wconf 84' lang='lat' dir='ltr'>Quae</span> <span class='ocrx_word' id='word_1_151' title='bbox 1866 1647 2055 1703; x_wconf 91' lang='lat' dir='ltr'>omnia</span> <span class='ocrx_word' id='word_1_152' title='bbox 2102 1646 2207 1704; x_wconf 81' lang='lat' dir='ltr'>ab·</span> 
     </span>
     <span class='ocr_line' id='line_1_18' title="bbox 124 1737 2198 1821; baseline 0.002 -27"><span class='ocrx_word' id='word_1_153' title='bbox 124 1737 295 1796; x_wconf 89' lang='lat' dir='ltr'>surda</span> <span class='ocrx_word' id='word_1_154' title='bbox 329 1750 461 1796; x_wconf 90' lang='lat' dir='ltr'>sunt</span> <span class='ocrx_word' id='word_1_155' title='bbox 482 1783 497 1813; x_wconf 68' lang='grc'><em>,</em></span> <span class='ocrx_word' id='word_1_156' title='bbox 550 1750 722 1820; x_wconf 86' lang='lat' dir='ltr'>atque</span> <span class='ocrx_word' id='word_1_157' title='bbox 756 1762 788 1798; x_wconf 90' lang='lat' dir='ltr'>a</span> <span class='ocrx_word' id='word_1_158' title='bbox 826 1740 1065 1800; x_wconf 89' lang='lat' dir='ltr'>veritate</span> <span class='ocrx_word' id='word_1_159' title='bbox 1101 1750 1159 1799; x_wconf 91' lang='lat' dir='ltr'>et</span> <span class='ocrx_word' id='word_1_160' title='bbox 1197 1741 1293 1821; x_wconf 92' lang='lat' dir='ltr'>pio</span> <span class='ocrx_word' id='word_1_161' title='bbox 1336 1737 1759 1798; x_wconf 88' lang='lat' dir='ltr'>Catholicorum</span> <span class='ocrx_word' id='word_1_162' title='bbox 1795 1762 1966 1798; x_wconf 91' lang='lat' dir='ltr'>sensu</span> <span class='ocrx_word' id='word_1_163' title='bbox 1998 1741 2198 1799; x_wconf 90' lang='lat' dir='ltr'>aliena.</span> 
     </span>
     <span class='ocr_line' id='line_1_19' title="bbox 123 1829 2205 1916; baseline 0.003 -29"><span class='ocrx_word' id='word_1_164' title='bbox 123 1829 289 1903; x_wconf 85' lang='lat' dir='ltr'>Quod</span> <span class='ocrx_word' id='word_1_165' title='bbox 309 1833 357 1888; x_wconf 91' lang='lat' dir='ltr'>si</span> <span class='ocrx_word' id='word_1_166' title='bbox 391 1832 657 1890; x_wconf 88' lang='lat' dir='ltr'>nonnulli</span> <span class='ocrx_word' id='word_1_167' title='bbox 693 1832 1010 1891; x_wconf 86' lang='lat' dir='ltr'>scholastici</span> <span class='ocrx_word' id='word_1_168' title='bbox 1045 1833 1282 1892; x_wconf 88' lang='lat' dir='ltr'>ulterius</span> <span class='ocrx_word' id='word_1_169' title='bbox 1304 1879 1319 1907; x_wconf 64' lang='lat' dir='ltr'>a</span> <span class='ocrx_word' id='word_1_170' title='bbox 1367 1854 1540 1915; x_wconf 89' lang='lat' dir='ltr'>quam</span> <span class='ocrx_word' id='word_1_171' title='bbox 1574 1853 1681 1912; x_wconf 88' lang='lat' dir='ltr'>par</span> <span class='ocrx_word' id='word_1_172' title='bbox 1718 1845 1871 1909; x_wconf 75' lang='lat' dir='ltr'>erat,</span> <span class='ocrx_word' id='word_1_173' title='bbox 1922 1835 2205 1916; x_wconf 82' lang='lat' dir='ltr'>progressi</span> 
     </span>
     <span class='ocr_line' id='line_1_20' title="bbox 122 1925 2202 2006; baseline 0.002 -24"><span class='ocrx_word' id='word_1_174' title='bbox 122 1935 258 1982; x_wconf 91' lang='lat' dir='ltr'>sunt</span> <span class='ocrx_word' id='word_1_175' title='bbox 276 1969 291 1998; x_wconf 65' lang='lat' dir='ltr'>a</span> <span class='ocrx_word' id='word_1_176' title='bbox 327 1946 435 1983; x_wconf 89' lang='lat' dir='ltr'>nec</span> <span class='ocrx_word' id='word_1_177' title='bbox 469 1925 646 1986; x_wconf 88' lang='lat' dir='ltr'>verba</span> <span class='ocrx_word' id='word_1_178' title='bbox 673 1929 865 1985; x_wconf 89' lang='lat' dir='ltr'>omnia</span> <span class='ocrx_word' id='word_1_179' title='bbox 892 1927 966 1984; x_wconf 91' lang='lat' dir='ltr'>ad</span> <span class='ocrx_word' id='word_1_180' title='bbox 988 1929 1263 1985; x_wconf 89' lang='lat' dir='ltr'>amussim</span> <span class='ocrx_word' id='word_1_181' title='bbox 1290 1937 1690 2006; x_wconf 84' lang='lat' dir='ltr'>temperarunt</span> <span class='ocrx_word' id='word_1_182' title='bbox 1713 1972 1727 1999; x_wconf 71' lang='grc'><em>,</em></span> <span class='ocrx_word' id='word_1_183' title='bbox 1754 1929 1938 2006; x_wconf 84' lang='lat' dir='ltr'>exigui</span> <span class='ocrx_word' id='word_1_184' title='bbox 1959 1950 2202 1987; x_wconf 89' lang='lat' dir='ltr'>numero</span> 
     </span>
     <span class='ocr_line' id='line_1_21' title="bbox 123 2017 2205 2110; baseline 0.003 -35"><span class='ocrx_word' id='word_1_185' title='bbox 123 2017 184 2076; x_wconf 86' lang='lat' dir='ltr'>hi</span> <span class='ocrx_word' id='word_1_186' title='bbox 223 2029 363 2110; x_wconf 61' lang='lat' dir='ltr'>sunt</span> <span class='ocrx_word' id='word_1_187' title='bbox 397 2018 484 2099; x_wconf 84' lang='lat'>(3)</span> <span class='ocrx_word' id='word_1_188' title='bbox 513 2064 530 2095; x_wconf 85' lang='lat'>,</span> <span class='ocrx_word' id='word_1_189' title='bbox 571 2041 677 2079; x_wconf 89' lang='lat' dir='ltr'>nec</span> <span class='ocrx_word' id='word_1_190' title='bbox 706 2021 1098 2080; x_wconf 89' lang='lat' dir='ltr'>confundendi</span> <span class='ocrx_word' id='word_1_191' title='bbox 1125 2043 1256 2080; x_wconf 91' lang='lat' dir='ltr'>cum</span> <span class='ocrx_word' id='word_1_192' title='bbox 1280 2019 1653 2079; x_wconf 88' lang='lat' dir='ltr'>multitudine</span> <span class='ocrx_word' id='word_1_193' title='bbox 1677 2042 1876 2079; x_wconf 89' lang='lat' dir='ltr'>eorum</span> <span class='ocrx_word' id='word_1_194' title='bbox 1894 2068 1908 2095; x_wconf 93' lang='lat'>‚</span> <span class='ocrx_word' id='word_1_195' title='bbox 1934 2023 2031 2102; x_wconf 91' lang='lat' dir='ltr'>qui</span> <span class='ocrx_word' id='word_1_196' title='bbox 2056 2043 2205 2103; x_wconf 87' lang='lat' dir='ltr'>prae-</span> 
     </span>
    </p>
   </div>
   <div class='ocr_carea' id='block_1_4' title="bbox 121 2180 1122 2898">
    <p class='ocr_par' dir='ltr' id='par_1_5' title="bbox 121 2180 1122 2571">
     <span class='ocr_line' id='line_1_22' title="bbox 121 2180 1113 2248; baseline 0.004 -21"><span class='ocrx_word' id='word_1_197' title='bbox 121 2180 203 2228; x_wconf 89' lang='lat' dir='ltr'>lib.</span> <span class='ocrx_word' id='word_1_198' title='bbox 236 2197 252 2227; x_wconf 91' lang='lat'>1</span> <span class='ocrx_word' id='word_1_199' title='bbox 274 2218 287 2239; x_wconf 92' lang='lat'>‚</span> <span class='ocrx_word' id='word_1_200' title='bbox 321 2180 408 2228; x_wconf 80' lang='lat' dir='ltr'>Ad</span> <span class='ocrx_word' id='word_1_201' title='bbox 425 2181 645 2247; x_wconf 82' lang='lat' dir='ltr'>Simplio.</span> <span class='ocrx_word' id='word_1_202' title='bbox 675 2193 829 2248; x_wconf 81' lang='lat' dir='ltr'>quaest.</span> <span class='ocrx_word' id='word_1_203' title='bbox 859 2192 891 2230; x_wconf 80' lang='lat' dir='ltr'>li</span> <span class='ocrx_word' id='word_1_204' title='bbox 911 2219 924 2243; x_wconf 89' lang='lat'><strong>,</strong></span> <span class='ocrx_word' id='word_1_205' title='bbox 955 2201 1006 2232; x_wconf 90' lang='lat' dir='ltr'>n.</span> <span class='ocrx_word' id='word_1_206' title='bbox 1044 2199 1073 2230; x_wconf 83' lang='lat'>2</span> <span class='ocrx_word' id='word_1_207' title='bbox 1099 2200 1113 2231; x_wconf 72' lang='grc' dir='ltr'><strong><em>ε</em></strong></span> 
     </span>
     <span class='ocr_line' id='line_1_23' title="bbox 121 2260 1116 2327; baseline 0.001 -18"><span class='ocrx_word' id='word_1_208' title='bbox 121 2260 287 2309; x_wconf 83' lang='lat' dir='ltr'>Fiunt</span> <span class='ocrx_word' id='word_1_209' title='bbox 300 2279 406 2326; x_wconf 77' lang='lat' dir='ltr'>erqo</span> <span class='ocrx_word' id='word_1_210' title='bbox 421 2262 741 2311; x_wconf 80' lang='lat' dir='ltr'>inchoationes</span> <span class='ocrx_word' id='word_1_211' title='bbox 757 2264 971 2327; x_wconf 83' lang='lat' dir='ltr'>quoedam</span> <span class='ocrx_word' id='word_1_212' title='bbox 980 2264 1116 2327; x_wconf 82' lang='lat' dir='ltr'>fidei,</span> 
     </span>
     <span class='ocr_line' id='line_1_24' title="bbox 131 2344 1122 2408; baseline 0.001 -18"><span class='ocrx_word' id='word_1_213' title='bbox 131 2344 516 2408; x_wconf 65' lang='lat' dir='ltr'>conceptionibus</span> <span class='ocrx_word' id='word_1_214' title='bbox 566 2344 784 2406; x_wconf 75' lang='lat' dir='ltr'>simile83</span> <span class='ocrx_word' id='word_1_215' title='bbox 823 2361 922 2391; x_wconf 87' lang='lat' dir='ltr'>non</span> <span class='ocrx_word' id='word_1_216' title='bbox 964 2354 1122 2392; x_wconf 78' lang='lat' dir='ltr'>tamen</span> 
     </span>
     <span class='ocr_line' id='line_1_25' title="bbox 122 2423 1122 2491; baseline 0.001 -20"><span class='ocrx_word' id='word_1_217' title='bbox 122 2423 272 2472; x_wconf 76' lang='lat' dir='ltr'>solum</span> <span class='ocrx_word' id='word_1_218' title='bbox 303 2426 496 2491; x_wconf 68' lang='lat' dir='ltr'>concipi</span> <span class='ocrx_word' id='word_1_219' title='bbox 514 2425 637 2484; x_wconf 69' lang='lat' dir='ltr'>‚sed</span> <span class='ocrx_word' id='word_1_220' title='bbox 664 2427 807 2473; x_wconf 79' lang='lat' dir='ltr'>etiam</span> <span class='ocrx_word' id='word_1_221' title='bbox 835 2427 974 2472; x_wconf 80' lang='lat' dir='ltr'>nasci</span> <span class='ocrx_word' id='word_1_222' title='bbox 1006 2442 1122 2490; x_wconf 81' lang='lat' dir='ltr'>opus</span> 
     </span>
     <span class='ocr_line' id='line_1_26' title="bbox 124 2505 1118 2571; baseline 0.001 -19"><span class='ocrx_word' id='word_1_223' title='bbox 124 2514 191 2552; x_wconf 77' lang='lat' dir='ltr'>est</span> <span class='ocrx_word' id='word_1_224' title='bbox 207 2542 220 2565; x_wconf 86' lang='lat'><strong>,</strong></span> <span class='ocrx_word' id='word_1_225' title='bbox 240 2513 296 2552; x_wconf 79' lang='lat' dir='ltr'>ut</span> <span class='ocrx_word' id='word_1_226' title='bbox 319 2505 384 2552; x_wconf 87' lang='lat' dir='ltr'>ad</span> <span class='ocrx_word' id='word_1_227' title='bbox 398 2507 546 2553; x_wconf 79' lang='lat' dir='ltr'>vitam</span> <span class='ocrx_word' id='word_1_228' title='bbox 552 2508 863 2571; x_wconf 73' lang='lat' dir='ltr'>perveniatur</span> <span class='ocrx_word' id='word_1_229' title='bbox 877 2515 1118 2554; x_wconf 78' lang='lat' dir='ltr'>oeternam.</span> 
     </span>
    </p>

    <p class='ocr_par' dir='ltr' id='par_1_6' title="bbox 124 2586 1122 2898">
     <span class='ocr_line' id='line_1_27' title="bbox 193 2586 1118 2652; baseline 0.001 -19"><span class='ocrx_word' id='word_1_230' title='bbox 193 2586 255 2650; x_wconf 90' lang='lat' dir='ltr'>(l)</span> <span class='ocrx_word' id='word_1_231' title='bbox 291 2587 385 2635; x_wconf 84' lang='lat' dir='ltr'>cfr.</span> <span class='ocrx_word' id='word_1_232' title='bbox 415 2587 594 2636; x_wconf 87' lang='lat' dir='ltr'>Lessius</span> <span class='ocrx_word' id='word_1_233' title='bbox 612 2625 626 2648; x_wconf 89' lang='lat'>‚</span> <span class='ocrx_word' id='word_1_234' title='bbox 648 2588 728 2636; x_wconf 91' lang='lat' dir='ltr'>De</span> <span class='ocrx_word' id='word_1_235' title='bbox 739 2590 897 2652; x_wconf 76' lang='lat' dir='ltr'>qratia</span> <span class='ocrx_word' id='word_1_236' title='bbox 928 2590 1118 2652; x_wconf 83' lang='lat' dir='ltr'>efficaci,</span> 
     </span>
     <span class='ocr_line' id='line_1_28' title="bbox 124 2661 1120 2735; baseline 0.001 -20"><span class='ocrx_word' id='word_1_237' title='bbox 124 2661 226 2732; x_wconf 86' lang='lat' dir='ltr'>cap.</span> <span class='ocrx_word' id='word_1_238' title='bbox 262 2683 349 2729; x_wconf 83' lang='lat'>10,</span> <span class='ocrx_word' id='word_1_239' title='bbox 379 2680 514 2735; x_wconf 85' lang='lat' dir='ltr'>atque</span> <span class='ocrx_word' id='word_1_240' title='bbox 555 2667 852 2735; x_wconf 78' lang='lat' dir='ltr'>Append.ad</span> <span class='ocrx_word' id='word_1_241' title='bbox 878 2686 985 2735; x_wconf 81' lang='lat' dir='ltr'>cap.</span> <span class='ocrx_word' id='word_1_242' title='bbox 1030 2686 1086 2717; x_wconf 87' lang='lat'>10</span> <span class='ocrx_word' id='word_1_243' title='bbox 1107 2706 1120 2730; x_wconf 91' lang='lat'>,</span> 
     </span>
     <span class='ocr_line' id='line_1_29' title="bbox 125 2750 1122 2801; baseline 0.002 -4"><span class='ocrx_word' id='word_1_244' title='bbox 125 2750 204 2797; x_wconf 88' lang='lat' dir='ltr'>ubi</span> <span class='ocrx_word' id='word_1_245' title='bbox 260 2751 453 2800; x_wconf 83' lang='lat' dir='ltr'>ostendit</span> <span class='ocrx_word' id='word_1_246' title='bbox 513 2751 813 2801; x_wconf 85' lang='lat' dir='ltr'>Scholasticos</span> <span class='ocrx_word' id='word_1_247' title='bbox 865 2754 1122 2800; x_wconf 88' lang='lat' dir='ltr'>communi-</span> 
     </span>
     <span class='ocr_line' id='line_1_30' title="bbox 125 2833 1117 2898; baseline 0.001 -19"><span class='ocrx_word' id='word_1_248' title='bbox 125 2841 223 2890; x_wconf 85' lang='lat' dir='ltr'>ter,</span> <span class='ocrx_word' id='word_1_249' title='bbox 265 2833 302 2878; x_wconf 87' lang='lat' dir='ltr'>si</span> <span class='ocrx_word' id='word_1_250' title='bbox 343 2849 487 2880; x_wconf 88' lang='lat' dir='ltr'>unum</span> <span class='ocrx_word' id='word_1_251' title='bbox 528 2843 606 2881; x_wconf 88' lang='lat' dir='ltr'>aut</span> <span class='ocrx_word' id='word_1_252' title='bbox 645 2834 835 2881; x_wconf 86' lang='lat' dir='ltr'>alterum</span> <span class='ocrx_word' id='word_1_253' title='bbox 880 2835 1073 2898; x_wconf 84' lang='lat' dir='ltr'>excipias</span> <span class='ocrx_word' id='word_1_254' title='bbox 1104 2869 1117 2890; x_wconf 88' lang='lat'>,</span> 
     </span>
    </p>
   </div>
   <div class='ocr_carea' id='block_1_5' title="bbox 123 2912 1161 3061">
    <p class='ocr_par' dir='ltr' id='par_1_7' title="bbox 123 2912 1161 3061">
     <span class='ocr_line' id='line_1_31' title="bbox 123 2912 1157 2979; baseline 0.002 -20"><span class='ocrx_word' id='word_1_255' title='bbox 123 2912 362 2977; x_wconf 82' lang='lat' dir='ltr'>praefatum</span> <span class='ocrx_word' id='word_1_256' title='bbox 407 2915 587 2962; x_wconf 86' lang='lat' dir='ltr'>axioma</span> <span class='ocrx_word' id='word_1_257' title='bbox 646 2932 726 2979; x_wconf 87' lang='lat' dir='ltr'>per</span> <span class='ocrx_word' id='word_1_258' title='bbox 768 2924 1024 2963; x_wconf 83' lang='lat' dir='ltr'>tercentum</span> <span class='ocrx_word' id='word_1_259' title='bbox 1080 2924 1157 2963; x_wconf 66' lang='lat' dir='ltr'>et⁴</span> 
     </span>
     <span class='ocr_line' id='line_1_32' title="bbox 124 2990 1161 3061; baseline 0.005 -21"><span class='ocrx_word' id='word_1_260' title='bbox 124 2993 318 3058; x_wconf 84' lang='lat' dir='ltr'>amplius</span> <span class='ocrx_word' id='word_1_261' title='bbox 351 3011 494 3061; x_wconf 79' lang='lat' dir='ltr'>annos</span> <span class='ocrx_word' id='word_1_262' title='bbox 526 2995 800 3044; x_wconf 82' lang='lat' dir='ltr'>intellexisse</span> <span class='ocrx_word' id='word_1_263' title='bbox 836 2996 891 3043; x_wconf 87' lang='lat' dir='ltr'>de</span> <span class='ocrx_word' id='word_1_264' title='bbox 931 2997 1121 3045; x_wconf 85' lang='lat' dir='ltr'>faciente</span> <span class='ocrx_word' id='word_1_265' title='bbox 1159 2990 1161 2992; x_wconf 40' lang='grc'>’</span> 
     </span>
    </p>
   </div>
   <div class='ocr_carea' id='block_1_6' title="bbox 122 3073 1123 3711">
    <p class='ocr_par' dir='ltr' id='par_1_8' title="bbox 122 3073 1123 3711">
     <span class='ocr_line' id='line_1_33' title="bbox 125 3073 1122 3142; baseline 0.004 -21"><span class='ocrx_word' id='word_1_266' title='bbox 125 3073 247 3139; x_wconf 87' lang='lat' dir='ltr'>quod</span> <span class='ocrx_word' id='word_1_267' title='bbox 263 3076 314 3123; x_wconf 89' lang='lat' dir='ltr'>in</span> <span class='ocrx_word' id='word_1_268' title='bbox 326 3092 376 3124; x_wconf 83' lang='lat' dir='ltr'>se</span> <span class='ocrx_word' id='word_1_269' title='bbox 388 3086 451 3124; x_wconf 80' lang='lat' dir='ltr'>est</span> <span class='ocrx_word' id='word_1_270' title='bbox 472 3093 524 3124; x_wconf 86' lang='lat' dir='ltr'>ex</span> <span class='ocrx_word' id='word_1_271' title='bbox 538 3076 711 3124; x_wconf 83' lang='lat' dir='ltr'>viribus</span> <span class='ocrx_word' id='word_1_272' title='bbox 728 3087 896 3125; x_wconf 83' lang='lat' dir='ltr'>naturae</span> <span class='ocrx_word' id='word_1_273' title='bbox 914 3114 926 3136; x_wconf 86' lang='lat'>‚</span> <span class='ocrx_word' id='word_1_274' title='bbox 956 3095 1122 3142; x_wconf 88' lang='lat' dir='ltr'>nempe</span> 
     </span>
     <span class='ocr_line' id='line_1_34' title="bbox 126 3158 1116 3224; baseline 0.005 -22"><span class='ocrx_word' id='word_1_275' title='bbox 126 3171 180 3203; x_wconf 91' lang='lat' dir='ltr'>eo</span> <span class='ocrx_word' id='word_1_276' title='bbox 223 3173 382 3213; x_wconf 87' lang='lat' dir='ltr'>sensu,</span> <span class='ocrx_word' id='word_1_277' title='bbox 428 3159 508 3223; x_wconf 89' lang='lat' dir='ltr'>qui</span> <span class='ocrx_word' id='word_1_278' title='bbox 547 3176 570 3206; x_wconf 90' lang='lat' dir='ltr'>a</span> <span class='ocrx_word' id='word_1_279' title='bbox 608 3158 740 3206; x_wconf 89' lang='lat' dir='ltr'>nobis</span> <span class='ocrx_word' id='word_1_280' title='bbox 773 3162 1000 3224; x_wconf 85' lang='lat' dir='ltr'>expositus</span> <span class='ocrx_word' id='word_1_281' title='bbox 1034 3169 1116 3207; x_wconf 86' lang='lat' dir='ltr'>est.</span> 
     </span>
     <span class='ocr_line' id='line_1_35' title="bbox 126 3234 1119 3303; baseline 0.005 -20"><span class='ocrx_word' id='word_1_282' title='bbox 126 3234 232 3284; x_wconf 88' lang='lat' dir='ltr'>Sed.</span> <span class='ocrx_word' id='word_1_283' title='bbox 262 3238 357 3286; x_wconf 81' lang='lat' dir='ltr'>vid.</span> <span class='ocrx_word' id='word_1_284' title='bbox 391 3242 635 3303; x_wconf 85' lang='lat' dir='ltr'>praesertim</span> <span class='ocrx_word' id='word_1_285' title='bbox 675 3239 826 3288; x_wconf 86' lang='lat' dir='ltr'>Carol.</span> <span class='ocrx_word' id='word_1_286' title='bbox 858 3238 933 3287; x_wconf 88' lang='lat' dir='ltr'>Du</span> <span class='ocrx_word' id='word_1_287' title='bbox 961 3239 1119 3288; x_wconf 82' lang='lat' dir='ltr'>Plessis</span> 
     </span>
     <span class='ocr_line' id='line_1_36' title="bbox 126 3317 1118 3386; baseline 0.003 -20"><span class='ocrx_word' id='word_1_288' title='bbox 126 3317 390 3382; x_wconf 73' lang='lat' dir='ltr'>d&#39;Argentre</span> <span class='ocrx_word' id='word_1_289' title='bbox 407 3356 420 3378; x_wconf 87' lang='lat'><strong>‚</strong></span> <span class='ocrx_word' id='word_1_290' title='bbox 448 3337 525 3386; x_wconf 86' lang='lat' dir='ltr'>op.</span> <span class='ocrx_word' id='word_1_291' title='bbox 558 3323 632 3370; x_wconf 88' lang='lat' dir='ltr'>cit.</span> <span class='ocrx_word' id='word_1_292' title='bbox 656 3323 706 3369; x_wconf 89' lang='lat' dir='ltr'>in</span> <span class='ocrx_word' id='word_1_293' title='bbox 728 3321 945 3386; x_wconf 89' lang='lat' dir='ltr'>opusculo</span> <span class='ocrx_word' id='word_1_294' title='bbox 972 3339 985 3369; x_wconf 74' lang='grc' dir='ltr'><em>τ</em></span> <span class='ocrx_word' id='word_1_295' title='bbox 1017 3320 1118 3369; x_wconf 79' lang='lat' dir='ltr'>Oh-</span> 
     </span>
     <span class='ocr_line' id='line_1_37' title="bbox 122 3401 1116 3451; baseline 0.004 -6"><span class='ocrx_word' id='word_1_296' title='bbox 122 3401 410 3448; x_wconf 76' lang='lat' dir='ltr'>seroationes</span> <span class='ocrx_word' id='word_1_297' title='bbox 450 3403 506 3450; x_wconf 86' lang='lat' dir='ltr'>in</span> <span class='ocrx_word' id='word_1_298' title='bbox 545 3404 813 3450; x_wconf 76' lang='lat' dir='ltr'>testimonia</span> <span class='ocrx_word' id='word_1_299' title='bbox 854 3402 1116 3451; x_wconf 74' lang='lat' dir='ltr'>Doctorum</span> 
     </span>
     <span class='ocr_line' id='line_1_38' title="bbox 125 3479 1119 3547; baseline 0.003 -20"><span class='ocrx_word' id='word_1_300' title='bbox 125 3479 535 3542; x_wconf 61' lang='lat' dir='ltr'>scholasticorum3</span> <span class='ocrx_word' id='word_1_301' title='bbox 564 3484 648 3547; x_wconf 78' lang='lat' dir='ltr'>qui</span> <span class='ocrx_word' id='word_1_302' title='bbox 675 3500 705 3531; x_wconf 89' lang='lat' dir='ltr'>a</span> <span class='ocrx_word' id='word_1_303' title='bbox 736 3483 1011 3532; x_wconf 82' lang='lat' dir='ltr'>duodecimo</span> <span class='ocrx_word' id='word_1_304' title='bbox 1046 3501 1119 3531; x_wconf 76' lang='lat' dir='ltr'>se-</span> 
     </span>
     <span class='ocr_line' id='line_1_39' title="bbox 124 3560 1122 3629; baseline 0.004 -21"><span class='ocrx_word' id='word_1_305' title='bbox 124 3560 227 3609; x_wconf 85' lang='lat' dir='ltr'>culo</span> <span class='ocrx_word' id='word_1_306' title='bbox 253 3564 445 3611; x_wconf 81' lang='lat' dir='ltr'>ineunte</span> <span class='ocrx_word' id='word_1_307' title='bbox 469 3564 533 3611; x_wconf 88' lang='lat' dir='ltr'>ad</span> <span class='ocrx_word' id='word_1_308' title='bbox 555 3564 678 3612; x_wconf 78' lang='lat' dir='ltr'>hanc</span> <span class='ocrx_word' id='word_1_309' title='bbox 696 3581 842 3629; x_wconf 79' lang='lat' dir='ltr'>usque</span> <span class='ocrx_word' id='word_1_310' title='bbox 860 3573 1042 3613; x_wconf 78' lang='lat' dir='ltr'>oecatem</span> <span class='ocrx_word' id='word_1_311' title='bbox 1065 3564 1122 3612; x_wconf 88' lang='lat' dir='ltr'>de</span> 
     </span>
     <span class='ocr_line' id='line_1_40' title="bbox 123 3644 1123 3711; baseline 0.004 -22"><span class='ocrx_word' id='word_1_312' title='bbox 123 3644 279 3704; x_wconf 77' lang='lat' dir='ltr'>qratia</span> <span class='ocrx_word' id='word_1_313' title='bbox 289 3661 381 3709; x_wconf 82' lang='lat' dir='ltr'>pro</span> <span class='ocrx_word' id='word_1_314' title='bbox 393 3645 663 3693; x_wconf 82' lang='lat' dir='ltr'>conditione</span> <span class='ocrx_word' id='word_1_315' title='bbox 681 3654 912 3711; x_wconf 71' lang='lat' dir='ltr'>corruptae</span> <span class='ocrx_word' id='word_1_316' title='bbox 931 3653 1123 3694; x_wconf 80' lang='lat' dir='ltr'>naturae</span> 
     </span>
    </p>
   </div>
   <div class='ocr_carea' id='block_1_7' title="bbox 1197 2183 2207 3385">
    <p class='ocr_par' dir='ltr' id='par_1_9' title="bbox 1199 2183 2207 2573">
     <span class='ocr_line' id='line_1_41' title="bbox 1199 2183 2207 2251; baseline 0.003 -20"><span class='ocrx_word' id='word_1_317' title='bbox 1199 2183 1533 2249; x_wconf 76' lang='lat' dir='ltr'>disputarunt,</span> <span class='ocrx_word' id='word_1_318' title='bbox 1564 2194 1651 2232; x_wconf 86' lang='lat' dir='ltr'>art.</span> <span class='ocrx_word' id='word_1_319' title='bbox 1680 2202 1725 2245; x_wconf 88' lang='lat'>1,</span> <span class='ocrx_word' id='word_1_320' title='bbox 1747 2183 1773 2251; x_wconf 81' lang='lat'>§</span> <span class='ocrx_word' id='word_1_321' title='bbox 1797 2184 1853 2233; x_wconf 86' lang='lat'>15</span> <span class='ocrx_word' id='word_1_322' title='bbox 1878 2195 2098 2250; x_wconf 85' lang='lat' dir='ltr'>et·seqq.,</span> <span class='ocrx_word' id='word_1_323' title='bbox 2125 2187 2207 2234; x_wconf 86' lang='lat' dir='ltr'>ubi</span> 
     </span>
     <span class='ocr_line' id='line_1_42' title="bbox 1200 2266 2200 2315; baseline 0.001 -2"><span class='ocrx_word' id='word_1_324' title='bbox 1200 2277 1406 2313; x_wconf 84' lang='lat' dir='ltr'>accurate</span> <span class='ocrx_word' id='word_1_325' title='bbox 1433 2269 1482 2313; x_wconf 90' lang='lat' dir='ltr'>in</span> <span class='ocrx_word' id='word_1_326' title='bbox 1501 2272 1702 2314; x_wconf 87' lang='lat' dir='ltr'>mentem</span> <span class='ocrx_word' id='word_1_327' title='bbox 1720 2266 2106 2315; x_wconf 85' lang='lat' dir='ltr'>Scholasticorum</span> <span class='ocrx_word' id='word_1_328' title='bbox 2129 2271 2200 2314; x_wconf 90' lang='lat' dir='ltr'>in-</span> 
     </span>
     <span class='ocr_line' id='line_1_43' title="bbox 1202 2348 2199 2413; baseline 0.001 -20"><span class='ocrx_word' id='word_1_329' title='bbox 1202 2350 1340 2411; x_wconf 79' lang='lat' dir='ltr'>quirit</span> <span class='ocrx_word' id='word_1_330' title='bbox 1365 2349 1482 2394; x_wconf 89' lang='lat' dir='ltr'>circa</span> <span class='ocrx_word' id='word_1_331' title='bbox 1511 2348 1632 2395; x_wconf 85' lang='lat' dir='ltr'>istud</span> <span class='ocrx_word' id='word_1_332' title='bbox 1659 2350 1837 2396; x_wconf 83' lang='lat' dir='ltr'>axioma</span> <span class='ocrx_word' id='word_1_333' title='bbox 1857 2383 1869 2405; x_wconf 89' lang='lat'><strong>,</strong></span> <span class='ocrx_word' id='word_1_334' title='bbox 1901 2365 1953 2396; x_wconf 91' lang='lat' dir='ltr'>eo</span> <span class='ocrx_word' id='word_1_335' title='bbox 1964 2366 2074 2413; x_wconf 88' lang='lat' dir='ltr'>sque</span> <span class='ocrx_word' id='word_1_336' title='bbox 2100 2351 2199 2395; x_wconf 88' lang='lat' dir='ltr'>vin-</span> 
     </span>
     <span class='ocr_line' id='line_1_44' title="bbox 1202 2427 2203 2493; baseline 0.002 -19"><span class='ocrx_word' id='word_1_337' title='bbox 1202 2428 1322 2475; x_wconf 87' lang='lat' dir='ltr'>dicat</span> <span class='ocrx_word' id='word_1_338' title='bbox 1352 2446 1377 2475; x_wconf 90' lang='lat' dir='ltr'>a</span> <span class='ocrx_word' id='word_1_339' title='bbox 1411 2427 1689 2475; x_wconf 86' lang='lat' dir='ltr'>Novatorum</span> <span class='ocrx_word' id='word_1_340' title='bbox 1722 2429 1948 2476; x_wconf 87' lang='lat' dir='ltr'>calumnia</span> <span class='ocrx_word' id='word_1_341' title='bbox 1986 2430 2042 2477; x_wconf 86' lang='lat' dir='ltr'>de</span> <span class='ocrx_word' id='word_1_342' title='bbox 2079 2430 2203 2493; x_wconf 87' lang='lat' dir='ltr'>pela-</span> 
     </span>
     <span class='ocr_line' id='line_1_45' title="bbox 1203 2509 2015 2573; baseline 0.004 -19"><span class='ocrx_word' id='word_1_343' title='bbox 1203 2510 1424 2573; x_wconf 83' lang='lat' dir='ltr'>gianismo</span> <span class='ocrx_word' id='word_1_344' title='bbox 1453 2519 1531 2556; x_wconf 89' lang='lat' dir='ltr'>aut</span> <span class='ocrx_word' id='word_1_345' title='bbox 1558 2509 2015 2573; x_wconf 86' lang='lat' dir='ltr'>semipelagianismo.</span> 
     </span>
    </p>

    <p class='ocr_par' dir='ltr' id='par_1_10' title="bbox 1204 2588 2202 2736">
     <span class='ocr_line' id='line_1_46' title="bbox 1271 2588 2202 2654; baseline 0.005 -20"><span class='ocrx_word' id='word_1_346' title='bbox 1271 2589 1330 2652; x_wconf 80' lang='lat'>(2)</span> <span class='ocrx_word' id='word_1_347' title='bbox 1368 2588 1461 2637; x_wconf 88' lang='lat' dir='ltr'>Hos</span> <span class='ocrx_word' id='word_1_348' title='bbox 1509 2593 1752 2637; x_wconf 89' lang='lat' dir='ltr'>recensitos</span> <span class='ocrx_word' id='word_1_349' title='bbox 1792 2591 1895 2638; x_wconf 88' lang='lat' dir='ltr'>vide</span> <span class='ocrx_word' id='word_1_350' title='bbox 1932 2591 2056 2654; x_wconf 87' lang='lat' dir='ltr'>apud</span> <span class='ocrx_word' id='word_1_351' title='bbox 2087 2590 2202 2638; x_wconf 88' lang='lat' dir='ltr'>Vas-</span> 
     </span>
     <span class='ocr_line' id='line_1_47' title="bbox 1204 2671 2121 2736; baseline 0.003 -19"><span class='ocrx_word' id='word_1_352' title='bbox 1204 2688 1350 2736; x_wconf 86' lang='lat' dir='ltr'>quez,</span> <span class='ocrx_word' id='word_1_353' title='bbox 1387 2671 1471 2718; x_wconf 90' lang='lat' dir='ltr'>loc.</span> <span class='ocrx_word' id='word_1_354' title='bbox 1499 2672 1577 2718; x_wconf 88' lang='lat' dir='ltr'>cit.</span> <span class='ocrx_word' id='word_1_355' title='bbox 1608 2671 1728 2735; x_wconf 88' lang='lat' dir='ltr'>disp.</span> <span class='ocrx_word' id='word_1_356' title='bbox 1762 2688 1869 2730; x_wconf 78' lang='lat' dir='ltr'>xer,</span> <span class='ocrx_word' id='word_1_357' title='bbox 1907 2688 2008 2736; x_wconf 91' lang='lat' dir='ltr'>cap.</span> <span class='ocrx_word' id='word_1_358' title='bbox 2043 2689 2121 2720; x_wconf 86' lang='lat'>10.</span> 
     </span>
    </p>

    <p class='ocr_par' dir='ltr' id='par_1_11' title="bbox 1197 2750 2206 3385">
     <span class='ocr_line' id='line_1_48' title="bbox 1271 2750 2200 2817; baseline 0.002 -19"><span class='ocrx_word' id='word_1_359' title='bbox 1271 2750 1333 2815; x_wconf 88' lang='lat'>(3)</span> <span class='ocrx_word' id='word_1_360' title='bbox 1371 2751 1586 2799; x_wconf 88' lang='lat' dir='ltr'>Calvinus</span> <span class='ocrx_word' id='word_1_361' title='bbox 1604 2787 1615 2809; x_wconf 90' lang='lat'>,</span> <span class='ocrx_word' id='word_1_362' title='bbox 1643 2754 1806 2800; x_wconf 78' lang='lat' dir='ltr'>Instit.</span> <span class='ocrx_word' id='word_1_363' title='bbox 1827 2752 1915 2801; x_wconf 91' lang='lat' dir='ltr'>lib.</span> <span class='ocrx_word' id='word_1_364' title='bbox 1935 2770 1995 2813; x_wconf 88' lang='lat'>11,</span> <span class='ocrx_word' id='word_1_365' title='bbox 2015 2770 2113 2817; x_wconf 85' lang='lat' dir='ltr'>cap.</span> <span class='ocrx_word' id='word_1_366' title='bbox 2138 2753 2166 2799; x_wconf 82' lang='lat'><strong>3</strong></span> <span class='ocrx_word' id='word_1_367' title='bbox 2187 2789 2200 2811; x_wconf 88' lang='lat'>‚</span> 
     </span>
     <span class='ocr_line' id='line_1_49' title="bbox 1203 2830 2204 2899; baseline -0.001 -19"><span class='ocrx_word' id='word_1_368' title='bbox 1203 2830 1229 2897; x_wconf 81' lang='lat'>§</span> <span class='ocrx_word' id='word_1_369' title='bbox 1263 2849 1318 2880; x_wconf 87' lang='lat'>10</span> <span class='ocrx_word' id='word_1_370' title='bbox 1338 2869 1353 2896; x_wconf 82' lang='lat'>‚</span> <span class='ocrx_word' id='word_1_371' title='bbox 1387 2833 1542 2880; x_wconf 86' lang='lat' dir='ltr'>scribit</span> <span class='ocrx_word' id='word_1_372' title='bbox 1570 2849 1583 2880; x_wconf 91' lang='lat'>:</span> <span class='ocrx_word' id='word_1_373' title='bbox 1619 2832 1731 2899; x_wconf 80' lang='lat' dir='ltr'>Qua</span> <span class='ocrx_word' id='word_1_374' title='bbox 1754 2835 1912 2896; x_wconf 76' lang='lat' dir='ltr'>qratia</span> <span class='ocrx_word' id='word_1_375' title='bbox 1938 2849 2034 2880; x_wconf 86' lang='lat' dir='ltr'>non</span> <span class='ocrx_word' id='word_1_376' title='bbox 2061 2849 2204 2896; x_wconf 76' lang='lat' dir='ltr'>quos-</span> 
     </span>
     <span class='ocr_line' id='line_1_50' title="bbox 1201 2912 2197 2979; baseline 0 -20"><span class='ocrx_word' id='word_1_377' title='bbox 1201 2912 1313 2960; x_wconf 81' lang='lat' dir='ltr'>libet</span> <span class='ocrx_word' id='word_1_378' title='bbox 1336 2915 1608 2979; x_wconf 76' lang='lat' dir='ltr'>promiscue</span> <span class='ocrx_word' id='word_1_379' title='bbox 1651 2914 1883 2976; x_wconf 78' lang='lat' dir='ltr'>diqnatur</span> <span class='ocrx_word' id='word_1_380' title='bbox 1920 2912 2197 2972; x_wconf 79' lang='lat' dir='ltr'>Dominus,</span> 
     </span>
     <span class='ocr_line' id='line_1_51' title="bbox 1201 2993 2199 3060; baseline -0.003 -18"><span class='ocrx_word' id='word_1_381' title='bbox 1201 2994 1592 3060; x_wconf 78' lang='lat' dir='ltr'>quemadmodum</span> <span class='ocrx_word' id='word_1_382' title='bbox 1628 2993 1766 3057; x_wconf 75' lang='lat' dir='ltr'>vulqo</span> <span class='ocrx_word' id='word_1_383' title='bbox 1783 2996 2001 3059; x_wconf 78' lang='lat' dir='ltr'>jactatur</span> <span class='ocrx_word' id='word_1_384' title='bbox 2046 2993 2199 3049; x_wconf 84' lang='lat' dir='ltr'>illud,</span> 
     </span>
     <span class='ocr_line' id='line_1_52' title="bbox 1200 3074 2206 3140; baseline -0.001 -17"><span class='ocrx_word' id='word_1_385' title='bbox 1200 3077 1303 3123; x_wconf 83' lang='lat' dir='ltr'>nisi</span> <span class='ocrx_word' id='word_1_386' title='bbox 1314 3074 1457 3140; x_wconf 83' lang='lat' dir='ltr'>fallor</span> <span class='ocrx_word' id='word_1_387' title='bbox 1476 3113 1487 3134; x_wconf 92' lang='lat'><strong>‚</strong></span> <span class='ocrx_word' id='word_1_388' title='bbox 1523 3075 1833 3122; x_wconf 83' lang='lat' dir='ltr'>Oecamicum</span> <span class='ocrx_word' id='word_1_389' title='bbox 1846 3109 1862 3135; x_wconf 90' lang='lat'><strong><em>,</em></strong></span> <span class='ocrx_word' id='word_1_390' title='bbox 1890 3091 1993 3122; x_wconf 87' lang='lat' dir='ltr'>eam</span> <span class='ocrx_word' id='word_1_391' title='bbox 2014 3076 2206 3122; x_wconf 65' lang='lat' dir='ltr'>nemini</span> 
     </span>
     <span class='ocr_line' id='line_1_53' title="bbox 1201 3155 2203 3221; baseline 0 -17"><span class='ocrx_word' id='word_1_392' title='bbox 1201 3156 1428 3221; x_wconf 74' lang='lat' dir='ltr'>deneqare</span> <span class='ocrx_word' id='word_1_393' title='bbox 1462 3155 1669 3220; x_wconf 76' lang='lat' dir='ltr'>facienti</span> <span class='ocrx_word' id='word_1_394' title='bbox 1705 3155 1830 3220; x_wconf 80' lang='lat' dir='ltr'>quod</span> <span class='ocrx_word' id='word_1_395' title='bbox 1869 3158 1924 3204; x_wconf 86' lang='lat' dir='ltr'>in</span> <span class='ocrx_word' id='word_1_396' title='bbox 1950 3173 1998 3204; x_wconf 86' lang='lat' dir='ltr'>se</span> <span class='ocrx_word' id='word_1_397' title='bbox 2029 3165 2115 3204; x_wconf 79' lang='lat' dir='ltr'>est.</span> <span class='ocrx_word' id='word_1_398' title='bbox 2144 3156 2203 3204; x_wconf 89' lang='lat' dir='ltr'>Et</span> 
     </span>
     <span class='ocr_line' id='line_1_54' title="bbox 1200 3235 2204 3302; baseline -0.001 -16"><span class='ocrx_word' id='word_1_399' title='bbox 1200 3238 1317 3286; x_wconf 89' lang='lat' dir='ltr'>ibid.</span> <span class='ocrx_word' id='word_1_400' title='bbox 1358 3235 1384 3302; x_wconf 77' lang='lat'>§</span> <span class='ocrx_word' id='word_1_401' title='bbox 1427 3235 1484 3283; x_wconf 82' lang='lat'>13</span> <span class='ocrx_word' id='word_1_402' title='bbox 1521 3237 1922 3285; x_wconf 87' lang='lat' dir='ltr'>indiscriminatim</span> <span class='ocrx_word' id='word_1_403' title='bbox 1947 3237 2204 3285; x_wconf 84' lang='lat' dir='ltr'>Catholicos</span> 
     </span>
     <span class='ocr_line' id='line_1_55' title="bbox 1197 3319 2197 3385; baseline -0.002 -17"><span class='ocrx_word' id='word_1_404' title='bbox 1197 3337 1388 3380; x_wconf 88' lang='lat' dir='ltr'>omnes,</span> <span class='ocrx_word' id='word_1_405' title='bbox 1435 3322 1516 3385; x_wconf 89' lang='lat' dir='ltr'>qui</span> <span class='ocrx_word' id='word_1_406' title='bbox 1558 3336 1638 3367; x_wconf 90' lang='lat' dir='ltr'>suo</span> <span class='ocrx_word' id='word_1_407' title='bbox 1672 3319 1872 3383; x_wconf 84' lang='lat' dir='ltr'>dogmati</span> <span class='ocrx_word' id='word_1_408' title='bbox 1909 3329 2197 3383; x_wconf 84' lang='lat' dir='ltr'>repugnant,</span> 
     </span>
    </p>
   </div>
   <div class='ocr_carea' id='block_1_8' title="bbox 1168 3399 2203 3466">
    <p class='ocr_par' dir='ltr' id='par_1_12' title="bbox 1168 3399 2203 3466">
     <span class='ocr_line' id='line_1_56' title="bbox 1168 3399 2203 3466; baseline -0.003 -16"><span class='ocrx_word' id='word_1_409' title='bbox 1168 3402 1460 3466; x_wconf 56' lang='lat' dir='ltr'>,Pelagianos</span> <span class='ocrx_word' id='word_1_410' title='bbox 1480 3411 1608 3449; x_wconf 86' lang='lat' dir='ltr'>vocat</span> <span class='ocrx_word' id='word_1_411' title='bbox 1639 3399 1984 3464; x_wconf 87' lang='lat' dir='ltr'>Wegscheider,</span> <span class='ocrx_word' id='word_1_412' title='bbox 2014 3417 2091 3464; x_wconf 88' lang='lat' dir='ltr'>op.</span> <span class='ocrx_word' id='word_1_413' title='bbox 2124 3403 2203 3462; x_wconf 57' lang='lat' dir='ltr'>cit,</span> 
     </span>
    </p>
   </div>
   <div class='ocr_carea' id='block_1_9' title="bbox 1201 3480 2204 3709">
    <p class='ocr_par' dir='ltr' id='par_1_13' title="bbox 1201 3480 2204 3709">
     <span class='ocr_line' id='line_1_57' title="bbox 1201 3480 2197 3550; baseline -0.004 -19"><span class='ocrx_word' id='word_1_414' title='bbox 1201 3482 1227 3549; x_wconf 62' lang='lat' dir='ltr'>g</span> <span class='ocrx_word' id='word_1_415' title='bbox 1259 3481 1352 3550; x_wconf 71' lang='lat'>149</span> <span class='ocrx_word' id='word_1_416' title='bbox 1388 3500 1402 3531; x_wconf 73' lang='grc' dir='ltr'><strong><em>ε</em></strong></span> <span class='ocrx_word' id='word_1_417' title='bbox 1440 3481 1632 3530; x_wconf 75' lang='lat' dir='ltr'>Placita</span> <span class='ocrx_word' id='word_1_418' title='bbox 1669 3480 2159 3546; x_wconf 79' lang='lat' dir='ltr'>Semipelaqianorum</span> <span class='ocrx_word' id='word_1_419' title='bbox 2181 3515 2197 3538; x_wconf 89' lang='lat'><strong>,</strong></span> 
     </span>
     <span class='ocr_line' id='line_1_58' title="bbox 1202 3562 2200 3631; baseline -0.004 -18"><span class='ocrx_word' id='word_1_420' title='bbox 1202 3567 1357 3631; x_wconf 86' lang='lat' dir='ltr'>inquit</span> <span class='ocrx_word' id='word_1_421' title='bbox 1378 3601 1390 3624; x_wconf 92' lang='lat'>‚</span> <span class='ocrx_word' id='word_1_422' title='bbox 1417 3565 1504 3628; x_wconf 83' lang='lat' dir='ltr'>qui</span> <span class='ocrx_word' id='word_1_423' title='bbox 1533 3565 1682 3612; x_wconf 77' lang='lat' dir='ltr'>initia</span> <span class='ocrx_word' id='word_1_424' title='bbox 1709 3563 2055 3611; x_wconf 78' lang='lat' dir='ltr'>emendationis</span> <span class='ocrx_word' id='word_1_425' title='bbox 2081 3579 2106 3610; x_wconf 88' lang='lat' dir='ltr'>e</span> <span class='ocrx_word' id='word_1_426' title='bbox 2127 3562 2200 3608; x_wconf 80' lang='lat' dir='ltr'>oi-</span> 
     </span>
     <span class='ocr_line' id='line_1_59' title="bbox 1204 3644 2204 3709; baseline -0.004 -16"><span class='ocrx_word' id='word_1_427' title='bbox 1204 3645 1340 3694; x_wconf 82' lang='lat' dir='ltr'>ribus</span> <span class='ocrx_word' id='word_1_428' title='bbox 1364 3647 1526 3694; x_wconf 87' lang='lat' dir='ltr'>animo</span> <span class='ocrx_word' id='word_1_429' title='bbox 1553 3644 1762 3694; x_wconf 77' lang='lat' dir='ltr'>humano</span> <span class='ocrx_word' id='word_1_430' title='bbox 1777 3645 1975 3701; x_wconf 75' lang='lat' dir='ltr'>insitis,</span> <span class='ocrx_word' id='word_1_431' title='bbox 1984 3658 2204 3709; x_wconf 74' lang='lat' dir='ltr'>proqres-</span> 
     </span>
    </p>
   </div>
  </div>
 </body>
</html>
