2540 4074
176 271 179 273 ’
260 274 338 334 38
788 320 791 323 ,
1002 283 1201 332 TsAcr.
1240 283 1319 319 vmi
1355 278 1593 319 canu.

260 433 332 493 N
327 453 402 490 on
414 436 484 490 in
496 438 772 509 potestate
800 435 1002 484 nostra
1025 434 1110 481 est
1139 442 1243 481 cor
1251 429 1522 478 nostrum
1541 428 1823 477 etnostroe
1835 421 2216 498 coyz‘taciones
2235 417 2346 498 (1).

265 528 344 585 Ex
384 524 591 583 Graecis
630 524 685 579 S.
726 521 891 596 Greg.
926 516 1312 574 Nazianzenus
1340 536 1352 570 ε
1394 513 1518 591 Qui
1544 513 1738 590 dedit7
1771 507 1964 593 inquit
1978 550 2001 587 -7
2035 513 2197 590 quod
2213 515 2358 590 pri-

263 639 430 679 mum
457 627 570 685 est,
598 615 770 672 dabit
794 623 846 669 et
860 611 1019 688 quod
1030 609 1359 667 secundum
1381 616 1462 663 est
1479 605 1568 684 (2)
1587 650 1603 680 7
1628 605 1689 664 id
1719 617 1806 664 est
1822 651 1837 681 7
1858 604 2094 687 plenam
2116 618 2174 665 et
2202 606 2359 665 inte-

265 709 630 793 gramfidem
654 707 764 786 (3).

300 808 307 814 “
342 804 439 864 73.
486 802 571 861 Ad
600 802 718 859 hoec
757 798 973 858 accedit
1018 794 1360 855 universalis
1394 793 1655 853 Ecclesiae
1692 815 1892 853 sensus
1914 841 1929 870 7
1970 815 2097 876 quae
2132 816 2362 876 semper

266 919 428 958 orare
456 896 752 955 consuevit
781 915 884 974 pro
913 891 1244 951 infidelibus
1271 935 1285 963 7
1317 901 1382 947 ut
1410 889 1484 947 ad
1514 888 1691 946 fidem
1719 911 1751 947 a
1791 891 1911 949 Deo
1938 890 2360 971 perducantur,

266 1004 438 1072 atque
476 991 537 1047 in
581 1010 645 1046 ea
680 988 858 1047 semel
894 998 1122 1067 accepta
1156 986 1369 1063 jugiter
1408 994 1801 1064 perseverent.
1842 986 1951 1042 Pro
2000 996 2157 1043 certo
2190 984 2366 1062 igitur

266 1085 506 1156 habuit7
539 1094 657 1140 tam
681 1081 854 1139 fidem
882 1102 1056 1161 quam
1100 1084 1219 1156 ejus
1264 1079 1494 1136 initium
1537 1089 1710 1157 atque
1751 1078 1812 1134 in
1859 1078 2062 1137 eadem
2101 1098 2367 1159 perseve-

268 1178 517 1236 rantiam
549 1175 791 1235 totidem
832 1176 935 1232 Dei
966 1173 1116 1231 dona
1153 1193 1295 1231 esse.
1341 1175 1541 1252 Neque
1579 1172 1768 1244 enim7
1812 1184 1878 1229 ut
1920 1174 2139 1253 optime
2180 1172 2386 1251 arguit¹

270 1275 323 1332 S.
357 1273 737 1351 Augustinus,
771 1270 843 1328 ab
878 1269 988 1327 alio
1028 1268 1316 1348 poscimus
1340 1312 1355 1341 7
1398 1266 1556 1346 quod
1588 1267 1652 1324 in
1680 1278 1879 1324 nostra
1916 1278 2003 1325 est
2026 1277 2312 1348 potestate
2347 1287 2361 1323 ε

276 1369 525 1446 Quando
550 1371 708 1423 enim
730 1409 745 1438 7
784 1365 974 1444 inquit
1003 1407 1018 1436 7
1052 1384 1173 1420 non
1213 1373 1450 1420 oratum
1483 1373 1565 1420 est
1595 1367 1665 1419 in
1708 1362 1979 1420 Ecclesia
2005 1382 2122 1440 pro
2164 1361 2363 1438 infide-

271 1463 429 1520 libus
458 1471 631 1538 atque
659 1462 929 1517 inimicis
954 1461 1080 1535 ejus
1110 1502 1124 1530 7
1159 1467 1229 1514 ut
1258 1458 1628 1514 crederent...
1658 1455 1857 1529 Nam,
1897 1459 1952 1513 si
1980 1457 2102 1513 hoec
2129 1451 2207 1514 ab
2242 1459 2369 1534 ipso

273 1556 464 1637 (Deo)
500 1555 737 1633 quedem
764 1557 957 1632 poscit
988 1553 1254 1611 Ecclesia
1285 1597 1300 1625 7
1335 1553 1438 1608 sed
1467 1572 1505 1608 a
1545 1572 1601 1608 se
1634 1553 1772 1628 ipsa
1807 1551 1929 1607 sibi
1965 1551 2114 1607 dari
2144 1559 2328 1627 putat
2353 1593 2368 1621 7

275 1673 394 1709 non
422 1672 586 1708 veras
607 1695 622 1723 7
646 1651 746 1707 sed
756 1651 1209 1727 perfunctorias
1243 1651 1536 1703 orationes
1578 1646 1752 1702 hahet
1772 1667 1794 1709 ,·
1822 1646 1983 1723 quod
2007 1647 2168 1702 absit
2196 1665 2234 1701 a
2264 1663 2375 1701 no-

276 1747 385 1804 his.
415 1745 559 1822 Quis
581 1748 739 1801 enim
765 1747 1052 1800 veraciter
1065 1751 1266 1819 yemat
1277 1783 1298 1811 ,
1327 1742 1671 1798 desiderans
1697 1745 1962 1818 accipere
1979 1785 1994 1813 7
2029 1741 2190 1818 quod
2210 1748 2372 1814 orat,

276 1861 316 1896 a
341 1840 597 1896 Domino
622 1881 642 1908 7
682 1841 735 1895 si
760 1838 863 1895 lwc
893 1859 929 1893 a
958 1841 1141 1914 seipso
1176 1857 1232 1892 se
1270 1856 1501 1892 sumere
1530 1838 1866 1906 eoez‘stimat7
1892 1856 2013 1891 non
2039 1835 2231 1891 abillo
2246 1833 2376 1911 (4)?

280 1933 504 1990 Etenim
535 1953 547 1988 :
588 1933 826 2001 Oratio,
860 1941 926 1988 ut
948 1929 1104 1987 idem
1137 1930 1193 1986 S.
1222 1931 1432 1986 Doctor
1455 1928 1741 2009 loquitur7
1767 1930 2110 1987 clarissima
2144 1939 2379 2008 estyra—

282 2028 377 2084 tioe
415 2027 738 2103 testificatio
774 2023 878 2103 (5).

363 2119 462 2177 74.
511 2119 769 2198 Denique
806 2107 909 2198 per
937 2116 1045 2175 hoc
1077 2116 1665 2198 Se‘mipelagianorum
1704 2128 2102 2176 commentum
2140 2127 2262 2175 tota
2291 2118 2379 2176 la-

283 2210 601 2270 befactatur
630 2212 820 2290 gratiae
852 2212 1214 2270 oeconomia..
1245 2213 1392 2269 Nam
1420 2213 1480 2268 1ο
1506 2233 1627 2269 non
1649 2212 1898 2292 amplius
1919 2213 2167 2291 gratuita
2194 2212 2376 2287 foret7

282 2325 442 2363 secus
488 2327 551 2363 ac
594 2317 862 2386 exposcat
905 2307 1026 2386 ipsa
1086 2307 1279 2384 gratiae
1329 2307 1488 2363 notio
1518 2350 1534 2380 7
1586 2318 1650 2364 ut
1692 2306 1931 2365 inferius
1981 2307 2376 2366 ostendemus.

285 2399 352 2456 20
375 2400 592 2457 Primas
611 2400 672 2457 in
689 2399 883 2457 salutis
898 2402 1123 2479 negotio
1146 2412 1339 2481 partes
1362 2400 1467 2459 sibi
1483 2401 1659 2459 homo
1682 2401 2032 2475 vindicaret7
2060 2425 2180 2461 non
2208 2405 2379 2462 Deus,

287 2492 351 2551 30
385 2496 570 2552 Homo
608 2516 712 2575 per
749 2494 883 2553 Adae
919 2507 1218 2575 peccatum
1253 2518 1373 2554 non
1410 2495 1712 2555 excidisset
1759 2499 1997 2555 omnino
2036 2520 2066 2555 a
2106 2508 2259 2555 statu
2293 2519 2384 2555 su-

285 2588 638 2667 pernaturali
666 2633 681 2662 7
715 2609 820 2647 nec
858 2611 1000 2669 opus
1028 2589 1416 2671 Redemptore
1453 2589 1696 2649 haberet
1729 2591 1804 2650 ad
1850 2591 2123 2651 eumdem
2164 2603 2386 2651 statum

363 2749 423 2811 (1)
449 2745 558 2797 Lib.
576 2747 784 2813 Defaqa
799 2749 963 2811 seculi,
981 2768 1084 2815 cap.
1110 2767 1154 2812 ι,
1174 2771 1225 2800 n.
1249 2769 1265 2799 1
1281 2788 1294 2801 .
1376 2754 1652 2801 universam
1681 2755 1933 2801 materiam
1948 2755 2120 2818 qratia*
2144 2791 2156 2815 7
2185 2755 2279 2804 vol.
2306 2773 2384 2805 un.

355 2829 425 2892 (2)
455 2828 604 2876 Orat.
648 2847 771 2891 xmv,
804 2832 860 2877 in
882 2830 1072 2879 Pentec.
1105 2850 1156 2880 n.
1190 2850 1240 2880 11
1280 2851 1293 2881 ε
1379 2835 1462 2883 fol.
1490 2836 1632 2881 Paris.
1657 2831 1801 2897 1646.
1822 2835 1940 2883 Vide
1958 2840 2208 2899 praesertim
2228 2837 2317 2886 lib.
2337 2853 2383 2898 17

292 2906 431 2957 Δῶο-ει
448 2945 461 2971 ,
493 2906 536 2958 εδ
559 2907 661 2959 οἶδα
677 2948 691 2973 ,
724 2912 743 2959 ὅ
771 2907 823 2960 τὲ
839 2917 1000 2978 πρῶτον
1021 2910 1124 2965 δούς
1148 2911 1224 2963 καὶ
1246 2898 1299 2963 π’
1379 2931 1479 2979 cap.
1508 2914 1573 2977 83
1600 2918 1676 2964 cui
1699 2918 1766 2963 tit.
1799 2913 1986 2963 Gratioe
2014 2918 2079 2965 ad
2106 2927 2265 2966 actum
2285 2935 2387 2966 cre·
2438 2974 2446 2983 ‚

293 2987 501 3056 δεύτερον.
537 3009 638 3057 pag.
676 3009 806 3059 710,
838 3003 949 3043 tom.
986 3012 1034 3054 17
1062 2995 1177 3051 hedit.
1213 2996 1294 3045 Pa·
1380 2995 1530 3044 dendi
1578 3005 1622 3043 et
1664 2998 1867 3044 initium
1909 2998 2030 3061 fidei
2070 3016 2259 3047 summa
2300 3016 2387 3048 ne·-

298 3072 376 3118 ris.
428 3068 573 3120 1630.
1376 3079 1568 3126 cessitas
1594 3093 1654 3125 ex
1686 3087 1839 3125 mente
1857 3088 2092 3144 perpetua
2121 3098 2388 3145 qraecorum

369 3149 433 3215 (3)
468 3150 589 3199 Cum
629 3152 893 3204 Janseniani
937 3155 1090 3206 Patres
1130 3174 1294 3223 graecos
1375 3158 1585 3207 Parrum
1598 3180 1618 3217 ;
1635 3159 1717 3207 ubi
1736 3171 2058 3224 argumentum
2078 3200 2091 3221 7
2117 3164 2175 3212 de
2194 3181 2288 3229 quo
2311 3163 2390 3211 hic

300 3229 734 3297 Semipelagianismi
753 3252 959 3286 accusare
986 3256 1082 3286 non
1110 3257 1293 3288 vet-ean·
1378 3243 1553 3304 agimus
1573 3278 1586 3301 7
1617 3243 1926 3305 copiosissime
1952 3243 2117 3291 evolvit
2137 3280 2150 3304 7
2184 3235 2239 3293 ac
2267 3243 2389 3292 diffi-

298 3322 404 3371 tur,
439 3322 490 3359 ut
532 3322 680 3376 pateat
716 3333 853 3381 quam
890 3321 1057 3385 injuste
1091 3321 1191 3368 haec
1218 3338 1295 3370 ca·
1379 3321 1763 3388 cultatesdisjicit7
1784 3340 1896 3387 quas
1911 3325 2388 3384 existerumiPat-rum

302 3392 478 3440 lamnia
513 3403 580 3440 tot
613 3399 906 3446 sanctissimis
948 3411 992 3448 et
1026 3401 1295 3450 doctissimis
1378 3406 1551 3467 scriptis
1568 3403 1666 3450 tum
1680 3401 1948 3452 Jansenistae
1966 3408 2284 3471 tumipsorum
2301 3423 2389 3454 an-

299 3475 407 3520 viris
427 3483 652 3534 struatur,
680 3480 787 3524 satis
815 3481 898 3526 erit
925 3483 1156 3529 consulere
1181 3500 1298 3547 egre·
1380 3486 1602 3548 tesignani
1631 3483 1889 3532 Calvinistae
1917 3504 2181 3551 promovere
2211 3488 2381 3535 solent.

305 3555 430 3617 gium
447 3570 561 3618 opus
583 3554 721 3604 isaaci
749 3557 921 3610 Habert
939 3597 953 3620 7
983 3561 1194 3626 Episcopi
1215 3563 1301 3612 Va«
1448 3565 1518 3627 (14)
1552 3565 1658 3613 Lib.
1695 3564 1775 3613 De
1800 3566 1920 3616 dono
1937 3577 2261 3634 perseverant.
2277 3585 2382 3634 cap.

303 3633 514 3694 brensis,
554 3636 679 3700 quod
721 3639 981 3688 inscribitur
1030 3641 1079 3689 T
1076 3642 1298 3707 heoloqiae
1381 3645 1474 3707 23,
1511 3664 1561 3694 n.
1591 3644 1678 3697 63.

301 3713 588 3764 Graecorum
624 3716 833 3767 Patrum
875 3722 1135 3772 vindicatos
1168 3726 1298 3773 circa
1443 3726 1518 3789 (ὅ)
1555 3725 1715 3792 Epist.
1737 3707 1944 3791 ccxxvn,
1973 3748 2024 3779 n.
2054 3727 2105 3792 4
