2540 4074
259 186 335 256 36
699 219 702 222 -
1015 197 1207 240 ruer.
1251 198 1320 235 nn
1364 193 1589 234 enum.

341 346 630 407 Adversus
668 342 824 400 hunc
865 337 1448 418 semipelagianorum
1475 353 1731 392 errorem
1759 344 2106 414 sequentem
2137 334 2344 392 statui-

262 462 392 501 mus
421 436 885 522 propositionem.

1091 602 1516 658 PROPOSITIO.

269 759 408 816 Sine
448 755 658 812 Sancti
696 751 963 830 Spiritus
1004 748 1450 805 illuminatione
1469 789 1485 818 .,
1525 747 1924 830 inspiratione
1956 756 2012 804 et
2044 747 2349 826 adjutorio

351 869 469 908 non
513 855 700 926 potest
762 845 927 902 homo
975 843 1187 901 hahere
1238 841 1504 898 salutare
1546 843 1800 898 initium
1830 841 1980 917 fidei
2029 852 2085 900 et
2133 847 2202 901 in
2235 843 2354 920 fide

342 943 857 1025 perseverantiam
879 958 1060 1015 usque
1087 939 1156 994 in
1182 935 1383 1013 finem.

347 1131 383 1189 7
390 1131 445 1189 0.
488 1132 570 1187 De
608 1126 720 1186 fide
756 1135 839 1184 est
865 1124 987 1183 haec
1017 1121 1366 1204 propositio,
1396 1132 1463 1179 ut
1485 1130 1712 1179 constat
1740 1141 1809 1179 ex
1839 1120 2177 1181 definitione
2200 1123 2354 1182 Con-

269 1224 383 1283 cilii
416 1222 670 1281 Trident.
712 1241 842 1278 sess.
878 1220 951 1276 VI
966 1261 987 1289 ,
1020 1239 1147 1276 can.
1195 1218 1268 1276 IV
1305 1239 1318 1274 ε
1361 1217 1434 1274 Si
1464 1220 1601 1294 quis
1629 1217 1884 1291 dixerit,
1933 1222 2059 1276 sine
2093 1218 2361 1298 Spiritus

271 1321 476 1378 Sancti
486 1317 883 1393 inspiratione
901 1323 1073 1391 atque
1101 1316 1227 1390 ejus
1255 1312 1557 1388 adjutorio
1592 1311 1890 1368 hominem
1910 1313 2142 1370 credere
2154 1333 2360 1392 posse,

269 1418 425 1472 sicut
444 1420 697 1489 oportet..
711 1453 724 1466 .
747 1453 763 1483 .,
781 1417 852 1466 ut
873 1412 931 1465 ei
935 1406 1393 1484 justificationis
1401 1409 1608 1484 qratia
1628 1408 1981 1484 conferatur
1996 1451 2012 1480 ,
2039 1407 2363 1466 anathema

276 1510 371 1565 sit.
403 1503 741 1563 Tridentino
763 1502 1073 1583 praeiverat
1099 1500 1272 1559 Cone.
1308 1499 1720 1557 Arausicanum
1745 1501 1796 1558 ΙΙ
1807 1543 1829 1570 ,
1851 1520 1976 1558 can.
2002 1501 2056 1559 V
2087 1523 2100 1558 ε
2131 1502 2205 1560 Si
2227 1506 2366 1580 quis

269 1603 426 1658 sicut
461 1606 845 1677 augmentum
886 1599 973 1652 ita
1010 1599 1190 1652 etiam
1228 1598 1483 1651 initium
1505 1595 1650 1672 fidei
1683 1598 2003 1673 ipsumque
2040 1596 2366 1653 credulita-

271 1698 349 1752 tis
373 1694 641 1772 affectum
654 1733 675 1761 ,
707 1710 821 1768 quo
856 1693 926 1746 in
956 1710 1093 1746 eum
1131 1690 1458 1763 credimus,
1503 1693 1616 1767 qui
1633 1690 1937 1767 justificat
1983 1694 2249 1769 impium
2269 1736 2284 1765 ‚
2316 1701 2373 1749 et

271 1789 357 1846 ad
366 1790 798 1866 qeneratz‘onem
819 1788 985 1842 sacri
1011 1785 1388 1862 baptismatis
1405 1788 1797 1862 pervenimus
1822 1828 1837 1857 ,
1875 1805 1997 1842 non
2016 1806 2135 1863 per
2147 1790 2365 1865 qratioe

264 1883 491 1939 donum
513 1924 529 1953 ‚
561 1879 631 1936 iol
647 1888 760 1953 est,
782 1898 895 1955 per
930 1882 1392 1956 inspirationem
1419 1878 1688 1955 Spiritus
1717 1878 2015 1938 Sancti....
2046 1881 2151 1937 sed
2179 1891 2365 1939 natu—

270 1977 479 2033 raliter
520 1974 687 2031 nohis
729 1977 914 2031 inesse
955 1973 1132 2044 dicit,
1177 1973 1526 2049 Apostolieis
1566 1972 1942 2052 doqmatihus
1980 1975 2368 2033 adversarius

273 2067 637 2148 approbatur
652 2093 677 2140 ,·
713 2077 772 2125 et
806 2087 933 2125 can.
970 2067 1071 2124 VII
1099 2089 1111 2124 :
1142 2068 1213 2124 Si
1233 2071 1369 2145 quis
1392 2087 1509 2145 per
1529 2077 1769 2124 naturoe
1797 2072 2124 2146 vigorem...
2160 2069 2368 2128 Evan-

267 2166 468 2244 gelicoe
496 2164 919 2242 proedicationi
948 2166 1271 2220 consentire
1302 2182 1470 2240 posse
1505 2163 1850 2241 confirmat,
1885 2163 2106 2240 absque
2133 2164 2369 2221 illumi-

278 2261 517 2316 natione
575 2267 629 2313 et
680 2260 1073 2335 inspiratione
1126 2257 1396 2334 Spiritus
1457 2256 1732 2315 Sancti...
1791 2257 2060 2316 hoeretico
2118 2258 2371 2336 fallitur

278 2355 501 2429 spiritu
539 2349 645 2429 (l).

355 2443 430 2501 71
478 2444 563 2502 Ita
596 2464 731 2504 vero
766 2442 1056 2503 catholicae
1096 2442 1434 2522 hujusfidei
1460 2445 1787 2505 sanctiones
1819 2467 1891 2506 ex
1917 2446 2099 2507 Sacris
2134 2445 2365 2506 Litteris

277 2537 342 2594 'in
366 2537 564 2617 primis
588 2538 945 2598 vindicamus
977 2561 991 2595 ε
1023 2539 1231 2598 Divina
1255 2538 1482 2598 oracula
1509 2561 1628 2598 non
1647 2526 1755 2599 soli
1783 2552 2040 2601 externae
2065 2540 2197 2600 fidei
2222 2562 2367 2623 prae-

280 2622 549 2687 dicationi
574 2641 633 2691 et
660 2629 1025 2689 illustrationi
1056 2632 1322 2692 tribuunt
1346 2633 1523 2693 fidem
1556 2645 1615 2694 et
1647 2635 1785 2695 fidei
1820 2636 2051 2694 initium
2069 2681 2086 2710 ‚
2134 2636 2238 2696 sed
2281 2637 2371 2696 in-

279 2723 475 2782 teriori
525 2724 767 2805 Spiritus
821 2726 875 2784 S.
918 2729 1239 2808 operationi
1281 2728 1636 2789 illuminanti
1693 2741 1868 2813 atque
1912 2732 2220 2813 inspiranti
2247 2779 2263 2809 .,
2323 2734 2371 2792 si

283 2914 337 2946 ac
363 2900 522 2946 veritas
542 2899 739 2947 historiae
765 2901 960 2965 patiatur
978 2937 992 2960 ,
1022 2913 1066 2951 et
1082 2907 1283 2952 auctori·
1366 2905 1554 2954 initium
1573 2943 1586 2967 ‚
1613 2925 1639 2956 a
1665 2909 1806 2972 gratia
1824 2908 2159 2973 inspirationis
2189 2925 2269 2958 seu
2295 2927 2371 2959 vo-

286 2985 355 3025 tas
371 2977 685 3028 Romanorum
711 2980 986 3030 Pontificum
1015 2983 1281 3034 declaram-
1366 2985 1566 3035 luntatis
1588 3025 1601 3048 ‚
1648 2991 1780 3055 cujus
1825 2993 2140 3039 necessitatem
2188 2994 2373 3059 utrique

289 3059 368 3104 rit.
408 3057 506 3105 Hoc
527 3063 666 3108 -enim
700 3071 767 3110 est
795 3063 1069 3112 catholicam
1103 3082 1284 3114 causam
1368 3071 1659 3133 pertinaciter
1690 3071 1880 3118 inficiati
1918 3082 2051 3133 sunt;
2087 3075 2123 3121 si
2154 3084 2374 3138 praeterea

291 3136 483 3200 prodere
502 3174 515 3196 ‚
548 3139 605 3186 ad
633 3144 802 3203 privata
837 3145 997 3207 placita
1022 3146 1282 3204 inconsulto
1367 3160 1629 3198 secernatur
1649 3152 1759 3214 fidei
1775 3154 1959 3200 initium
1986 3172 2011 3201 a
2039 3155 2130 3203 fide
2159 3155 2371 3218 formali,

292 3218 546 3266 statuenda.
573 3217 666 3267 Cfr.
696 3223 811 3270 inter
838 3235 1008 3274 ceteros
1021 3226 1130 3276 Nat.
1152 3227 1293 3278 Alex.
1369 3235 1520 3296 quam'
1538 3231 1888 3298 Semipelagiani
1930 3236 2048 3283 inter
2092 3252 2233 3302 opera
2273 3239 2373 3303 ipsa

288 3297 381 3344 loc.
412 3300 498 3345 cit..
516 3309 603 3348 art.
636 3315 665 3347 2
682 3337 696 3360 ‚
724 3301 782 3350 de
810 3303 1183 3369 Pelaqianorum
1211 3326 1288 3357 er·
1369 3313 1698 3377 recensebant,
1719 3324 1763 3363 et
1774 3315 1942 3380 quibus
1959 3317 2194 3366 eliciendis
2219 3321 2373 3385 gratiae

287 3376 481 3424 roribus
499 3415 512 3437 ‚
541 3377 616 3443 §3
639 3391 685 3428 et
707 3399 837 3448 seqq.
857 3383 1042 3434 [nterim
1072 3392 1109 3436 si
1138 3407 1287 3439 secer·
1369 3395 1683 3443 necessitatem
1703 3396 2006 3460 agnoscebant
2022 3435 2037 3458 ‚
2069 3399 2246 3448 tollitur
2272 3416 2374 3448 om-

290 3466 427 3504 natur
467 3461 607 3522 gratia
639 3459 965 3512 illustrationis
1001 3485 1081 3516 seu
1102 3471 1284 3520 intelle·
1338 3492 1339 3495 ¹
1364 3475 1445 3521 nis
1469 3474 1826 3540 amphibologia.

290 3546 391 3583 ctus
407 3571 422 3595 ‚
441 3554 582 3603 quam
599 3550 691 3588 tam
709 3535 934 3607 Pelagiani
951 3582 965 3605 ‚
983 3557 1033 3595 ut
1045 3548 1249 3599 diximus
1265 3589 1279 3612 ,
1437 3553 1504 3618 (l)
1542 3550 1641 3605 cfr.
1659 3556 1789 3605 Acta
1806 3557 1951 3610 Cone.
1971 3559 2197 3610 Hardnini
2209 3546 2234 3623 Δ,
2256 3570 2374 3612 tom.

290 3631 432 3681 qnam
451 3616 791 3686 semipelagiani
806 3623 1086 3678 admiserunt
1096 3630 1274 3683 aud-fidei
1298 3659 1305 3663 -
1367 3650 1403 3683 11
1416 3670 1431 3700 ,
1468 3636 1567 3688 061.
1593 3635 1739 3705 1098.
2068 3646 2071 3648 ’
2316 3637 2320 3644 ’
