2540 4074
307 214 383 273 76
1068 225 1258 267 macr.
1304 227 1374 263 nn
1418 225 1642 266 cna-ru.

309 392 506 433 versus
534 369 684 428 hanc
711 366 993 427 theoriam
1021 367 1078 424 S.
1120 364 1468 444 Augustinus
1497 366 1710 447 excipit
1743 387 1756 425 :
1791 366 1854 424 10
1877 365 2111 425 nonnisi
2137 385 2244 445 per
2270 387 2400 444 gra·-

308 467 449 525 tiam
503 461 899 522 medicinalem
943 458 1254 520 Salvatoris
1311 457 1649 518 universam
1697 459 1886 539 legem
1937 459 2158 522 servari
2198 480 2400 540 posse3

308 560 375 617 2⁰
422 579 525 639 per
569 557 806 615 virtutes
854 552 1100 611 morales
1155 552 1452 610 neminem
1512 573 1679 633 posse
1733 538 1985 633 gratiam
2037 554 2357 635 promereri
2385 598 2400 627 7

309 653 491 712 multo
525 650 713 707 minus
748 647 1016 727 consequi
1058 647 1238 706 vitam
1276 658 1599 720 aeternam3
1638 648 1703 706 3⁰
1745 648 2021 724 demum7
2062 649 2221 732 quod
2262 670 2404 707 con-

310 747 596 817 troversiae
638 754 809 824 caput
852 754 975 801 erat
1001 787 1040 822 ,Χ
1066 741 1369 801 contendit
1413 744 1470 801 S.
1521 745 1763 824 Doctor7
1810 746 2064 805 actiones
2108 745 2406 804 moraliter

308 842 572 899 honestas
605 850 777 918 atque
807 859 876 896 ex
905 837 1066 895 omni
1095 847 1259 918 parte
1297 836 1478 895 bonas
1515 858 1637 896 esse
1679 860 1801 896 non
1840 861 2008 921 posse
2042 862 2113 900 ex
2148 840 2270 912 solo
2296 838 2408 898 ob-

296 940 448 1014 jecto
476 980 491 1007 7
535 933 636 993 sed
682 943 955 1014 praeterea
998 931 1182 990 bonas
1231 933 1544 992 intrinsece
1585 954 1677 991 eas
1712 935 1986 993 constitui
2013 957 2085 994 ex
2115 937 2230 994 fine
2259 980 2275 1010 7
2308 935 2407 1016 qui

304 1028 495 1087 influit
522 1029 594 1086 ad
620 1029 886 1086 intimam
911 1027 1149 1085 actionis
1175 1026 1499 1111 bonitatem
1527 1029 1998 1088 constituendam
2028 1076 2044 1104 7
2080 1041 2140 1089 et
2168 1052 2290 1088 non
2315 1051 2408 1088 ex-

305 1126 551 1183 trinsece
575 1122 759 1181 solum
778 1167 792 1194 7
825 1132 889 1179 ut
921 1120 1263 1180 autumabat
1286 1123 1550 1181 Julianus
1582 1169 1598 1197 7
1635 1123 1793 1204 quod
1824 1123 2092 1205 pluribus
2125 1122 2403 1182 ostendit.

304 1221 386 1277 Ex
420 1240 531 1299 quo
563 1217 843 1299 principio
885 1217 1068 1293 rejicit
1097 1216 1259 1275 illam
1302 1217 1559 1296 ejusdem
1603 1217 1820 1276 Juliani
1856 1217 2290 1276 distinctionem
2317 1217 2411 1276 in-

303 1324 391 1371 ter
414 1335 584 1393 opera
612 1311 880 1370 steriliter
908 1310 1062 1369 bona
1085 1334 1149 1370 ac
1179 1313 1474 1373 meritoria
1500 1339 1515 1386 ς
1550 1314 1683 1394 quia
1703 1359 1718 1387 7
1741 1313 1790 1371 si
1813 1324 1971 1372 actus
2003 1313 2144 1372 boni
2170 1324 2307 1371 sunt
2337 1335 2410 1373 ex

305 1407 423 1465 solo
463 1406 715 1484 objecto7
769 1427 876 1464 nec
920 1406 1023 1464 ulli
1074 1406 1289 1466 dantur
1317 1408 1378 1466 in
1422 1408 1728 1490 hypothesi
1764 1408 2064 1489 pelagiana
2108 1417 2266 1467 actus
2298 1409 2410 1466 nis1

301 1501 542 1559 morales
562 1547 576 1575 7
609 1500 900 1559 concludit
921 1547 936 1575 7
963 1502 1203 1560 inanem
1236 1524 1357 1562 esse
1382 1503 1818 1562 distinctionem
1844 1503 2294 1586 provenientem
2337 1523 2408 1561 ex

302 1596 415 1654 fine
458 1597 772 1655 extrinseco
807 1597 1257 1677 superveniente
1283 1643 1298 1671 7
1361 1619 1462 1656 seu
1509 1619 1540 1656 a
1576 1596 1876 1657 voluntate
1912 1597 2196 1675 dirigente
2227 1616 2407 1677 pecu-

302 1690 465 1748 liares
499 1702 654 1748 actus
694 1712 763 1749 ex
804 1712 863 1749 se
901 1689 1084 1749 bonos
1127 1691 1201 1750 ad
1237 1691 1491 1773 aliquem
1539 1693 1719 1751 finem
1754 1693 2144 1751 extrinsecum
2185 1689 2407 1749 actibus

302 1785 549 1865 ipsis(l).
579 1786 724 1843 Hinc
747 1830 762 1859 7
791 1806 921 1844 cum
949 1786 1079 1843 finis
1100 1832 1115 1860 7
1132 1790 1299 1864 juxta
1326 1789 1378 1845 S.
1408 1789 1715 1846 Doctorem
1736 1832 1751 1861 7
1772 1786 2023 1845 influens
2047 1787 2109 1844 in
2133 1786 2405 1844 intimam

301 1890 456 1937 actus
480 1892 748 1939 naturam
772 1926 787 1954 7
814 1902 1057 1961 eamque
1086 1882 1399 1940 intrinsece
1418 1881 1635 1940 bonam
1659 1893 1758 1939 aut
1778 1880 1994 1940 malam
2018 1881 2399 1954 constituens7

302 1995 413 2052 quo
449 1986 602 2032 actus
631 1975 912 2034 referatur
949 1975 1023 2033 ad
1054 1987 1272 2034 aeterna
1293 2022 1308 2051 7
1341 1975 1543 2036 haberi
1572 1988 1825 2058 nequeat
1853 1975 2069 2057 absque
2098 1973 2211 2034 fide
2241 2020 2257 2049 7
2297 1964 2403 2033 de-

302 2066 457 2126 ducit
478 2115 493 2143 7
523 2082 621 2127 aut
660 2070 885 2128 nullum
931 2071 993 2128 in
1031 2070 1361 2130 infidelibus
1398 2094 1518 2131 esse
1551 2093 1719 2154 posse
1747 2083 1940 2131 actum
1973 2070 2270 2129 moraliter
2291 2069 2401 2128 ho—

300 2175 531 2220 nestum
566 2176 622 2222 et
651 2186 719 2223 ex
754 2168 914 2224 omni
942 2178 1106 2246 parte
1134 2166 1356 2224 bonum
1382 2213 1395 2242 7
1423 2189 1493 2226 ex
1520 2167 1747 2227 defectu
1779 2168 1909 2225 finis
1947 2164 2400 2248 supernaturalis

299 2258 359 2314 in
392 2271 663 2336 operante
685 2305 699 2333 7
723 2261 959 2320 minime
987 2282 1123 2321 vero
1150 2283 1220 2320 ex
1246 2262 1472 2321 defectu
1495 2263 1625 2320 finis
1651 2262 1874 2343 operi53
1905 2274 2028 2335 aut7
2055 2262 2103 2319 si
2129 2261 2257 2342 quis
2283 2261 2359 2318 sit
2380 2305 2396 2335 7

300 2372 431 2410 eum
462 2374 583 2411 esse
610 2356 967 2413 meritorium
988 2400 1003 2429 7
1034 2355 1138 2416 sed
1170 2357 1231 2414 in
1250 2356 1557 2438 hypothesi
1584 2359 1618 2416 J
1624 2357 1836 2430 uliani3
1863 2355 2020 2438 quod
2041 2357 2089 2415 si
2111 2354 2397 2434 ejusmodi

300 2468 441 2526 opus
468 2470 535 2506 ex
565 2450 722 2508 omni
751 2463 916 2532 parte
936 2451 1157 2511 bonum
1180 2452 1242 2509 in
1272 2451 1491 2512 infideli
1516 2452 1752 2512 daretur
1772 2498 1788 2527 7
1824 2474 1946 2511 non
1975 2462 2170 2533 posset
2205 2450 2397 2511 vocari

299 2645 383 2685 tce.
415 2637 637 2703 Officium
663 2650 729 2688 est
751 2650 937 2702 autem,
966 2643 1090 2707 quod
1107 2644 1297 2708 sacien-

299 2717 414 2765 dum
456 2728 522 2766 est
545 2741 563 2778 ;
598 2722 717 2783 finis
763 2739 869 2770 vero
893 2759 909 2784 ,
945 2734 1139 2788 propter
1176 2726 1300 2789 qaod

293 2800 570 2863 faciendam
592 2810 674 2849 est.
699 2803 825 2850 Cum
846 2806 1005 2868 itaque
1025 2806 1148 2869 facit
1163 2806 1299 2854 homo

298 2879 509 2944 aliquid,
552 2882 639 2929 ubi
652 2900 852 2948 peccare
881 2901 979 2932 non
1007 2886 1224 2948 videtur,
1254 2889 1299 2934 si

298 2977 395 3008 non
425 2959 619 3027 propter
659 2964 741 3012 hoc
774 2965 929 3030 facit,
955 2978 1151 3032 propter
1176 2969 1299 3032 quod

294 3042 450 3104 facere
466 3043 596 3091 debet
610 3082 623 3105 7
634 3063 831 3110 peccare
848 3051 1164 3098 convincitur.
1176 3052 1298 3114 Quae

301 3130 353 3169 tu
382 3139 480 3169 non
506 3127 777 3188 attendens,
801 3129 923 3192 sines
949 3130 1009 3177 ab
1035 3131 1201 3195 officiis
1224 3149 1296 3179 se-

293 3206 513 3268 parasti,
552 3214 596 3252 et
631 3210 825 3256 virtutes
848 3228 982 3259 veras
1010 3213 1163 3278 officia
1190 3215 1296 3261 sine

295 3284 478 3346 finibus
506 3287 807 3351 appellandas
835 3309 930 3340 esse
956 3294 1145 3344 dixisti.

367 3364 440 3428 (l)
473 3365 523 3414 S.
565 3367 806 3418 Ductorem
838 3377 1071 3436 agnovisse
1116 3379 1166 3424 in
1194 3377 1294 3425 aliis

299 3445 411 3493 locis
447 3464 500 3495 ac
533 3449 764 3498 admisisse
799 3453 1134 3504 distinctionem
1174 3460 1294 3506 inter

299 3543 431 3591 opera
476 3530 704 3579 moraliter
753 3532 942 3582 honesta
987 3554 1040 3584 ac
1085 3540 1295 3588 steriliter

298 3607 418 3656 bona
437 3648 451 3672 ,
480 3621 526 3658 et
547 3613 665 3660 inter-
689 3629 824 3678 opera
855 3619 1217 3680 supernaturalia
1243 3638 1296 3670 ac

300 3693 524 3741 meritoria
541 3729 555 3754 7
584 3693 814 3744 evidenter
837 3706 959 3760 patet
989 3715 1046 3746 ex
1074 3702 1130 3748 iis
1147 3738 1160 3762 7
1189 3717 1294 3766 quae

1386 2646 1544 2694 scribit
1562 2683 1575 2706 7
1597 2645 1679 2699 lib.
1699 2645 1778 2693 De
1803 2647 1926 2711 spir.
1955 2640 2007 2693 et*
2030 2643 2122 2693 litt.
2156 2661 2260 2709 cap.
2294 2642 2390 2703 28¹,

1383 2747 1437 2776 n.
1471 2726 1538 2791 48
1573 2745 1586 2775 :
1618 2727 1749 2775 Nam
1778 2735 1823 2774 et
1853 2728 1952 2793 ipsi
1978 2726 2195 2775 homines
2222 2735 2388 2789 erant,

1382 2817 1427 2857 et
1448 2811 1522 2857 vis
1551 2808 1641 2857 illa
1670 2816 1861 2857 παίων-ω
1888 2810 2048 2857 inerat
2074 2810 2143 2857 eis
2161 2847 2173 2869 7
2204 2826 2300 2873 qua
2326 2808 2393 2856 le-

1379 2893 1604 2954 qitimum
1642 2889 1833 2954 aliquid
1869 2881 2037 2938 anima
2066 2889 2320 2939 rationalis
2349 2898 2393 2938 et

1379 2974 1526 3019 sentit
1562 2981 1605 3019 et
1635 2971 1794 3036 facim
1844 2971 1926 3019 sed
1958 2973 2149 3037 pietas,
2195 2989 2300 3037 qaoe
2335 2973 2391 3019 in

1381 3051 1530 3100 aliam
1559 3054 1709 3101 vitam
1734 3053 1960 3117 transfert
1972 3053 2157 3102 beatam
2181 3062 2224 3101 et
2252 3062 2390 3102 ceter·

1380 3151 1496 3182 nam
1513 3172 1527 3194 7
1545 3134 1689 3199 quem
1710 3134 1847 3182 habet
1866 3135 2228 3184 immaculatam
2243 3173 2256 3196 7
2273 3151 2390 3183 con-

1381 3211 1634 3264 vertentem*
1661 3218 1853 3264 animas
1871 3255 1884 3277 7
1916 3226 1970 3265 ut
1999 3234 2058 3265 ex
2090 3217 2176 3267 illo
2203 3216 2389 3265 lamine

1378 3307 1678 3348 renoventur.
1694 3298 1795 3363 Quo
1814 3301 1951 3346 etiam
1968 3300 2228 3348 referuntur
2242 3336 2255 3359 ‚
2282 3314 2388 3365 quae

1379 3380 1518 3445 paulo
1548 3391 1650 3445 post
1679 3380 1851 3428 ibidem
1882 3381 2039 3429 subdit
2059 3419 2073 3441 7
2095 3376 2143 3430 'et
2177 3381 2288 3430 alias
2314 3397 2388 3428 re-

1380 3463 1571 3509 tulimus
1600 3479 1614 3509 :
1648 3459 1787 3509 Sicut
1813 3478 1911 3509 non
1929 3463 2203 3529 impediunt
2231 3478 2262 3508 a
2285 3461 2389 3509 vita

1380 3551 1587 3602 aetema,
1618 3549 1777 3592 etc....
1809 3545 1879 3591 sic
1928 3545 1994 3592 ad
2026 3543 2227 3593 salacem,
2260 3539 2394 3589 nihil

1376 3631 1580 3689 prosunt
1603 3625 1754 3690 impio
1777 3624 1942 3691 aliqua
1962 3626 2086 3675 bona
2101 3641 2244 3692 opera
2258 3660 2271 3684 7
2298 3631 2388 3672 etc.
