2540 4074
251 177 328 236 70

1013 189 1201 226 TRAGT.
1246 188 1313 223 DE
1358 185 1558 223 GRA'rtA
1568 207 1583 220 .

253 336 370 395 suit
402 335 460 393 S.
507 331 853 413 Augustinus
885 373 902 403 9
935 325 1194 393 infideles
1235 344 1403 409 posse
1444 320 1662 386 habere
1708 320 2052 385 charitatem
2096 320 2336 381 licitam.

253 427 366 489 Sed
391 438 611 488 certum
636 434 907 506 praeterea
944 432 1031 478 est
1050 465 1066 494 .,
1102 420 1295 500 ipsum
1325 416 1529 475 docere
1551 460 1567 491 ‚
1613 419 1800 478 Deum
1845 417 2119 498 Romanis
2154 427 2342 476 terre—

259 545 399 593 nam
441 515 898 580 excellentissimi
939 513 1171 594 imperii
1195 511 1436 591 gloriam
1467 511 1839 587 concessisse,
1886 523 1975 579 ut,
1998 513 2348 570 redderetur

262 637 505 684 merces,
536 625 599 671 ut
626 612 745 691 ipse
778 608 1034 688 loquitur
1062 651 1077 680 ‚
1117 608 1286 664 honis
1313 606 1555 664 artibus
1583 627 1786 667 eorum
1805 651 1822 682 ‚
1860 609 1932 666 id
1954 619 2036 666 est
2056 652 2072 680 ‚
2102 610 2347 665 virtuti-

267 712 406 782 hus,
448 707 663 785 quibus
695 704 779 760 ad
802 713 1034 760 tanta-m
1067 702 1330 779 ylariam
1365 705 1694 783 pervenire.
1719 704 2079 780 nitebantur
2103 703 2229 783 (l).
2270 703 2348 760 Ac

263 803 528 882 deinceps
553 808 854 861 enumerat
887 795 988 853 has
1013 795 1163 875 ipsas
1185 795 1432 854 virtutes
1453 840 1468 869 ,
1497 794 1694 853 dicens
1728 817 1742 853 ι
1772 798 2061 857 Privatus
2082 818 2175 856 res
2204 816 2348 855 suas

248 918 365 977 pro
402 917 465 953 re
501 896 837 971 communi,
873 892 975 949 hoo
1017 900 1133 973 esth,
1172 892 1516 970 republica,
1557 901 1611 953 et
1630 911 1748 969 pro
1783 897 1910 970 ejus
1947 897 2167 951 aerarz'o
2208 913 2350 951 con-

260 999 619 1069 tempserunt
641 1033 656 1062 a
695 990 970 1046 avaritiae
991 989 1363 1058 restiterunt,
1391 987 1824 1045 consuluerunt
1838 992 2068 1066 patrive
2105 988 2352 1046 consilio

261 1086 484 1157 liher03
517 1104 699 1160 neque
735 1083 936 1141 delicto
977 1081 1306 1139 secundum
1348 1103 1489 1140 suas
1526 1083 1669 1161 loyes
1698 1126 1714 1156 ,
1738 1103 1925 1160 neque
1961 1082 2219 1141 libidini
2251 1080 2354 1142 oh-

263 1182 452 1237 nooeii.
503 1178 621 1236 His
662 1177 933 1234 omnihus
973 1176 1213 1233 artibus
1248 1186 1543 1254 tanquam
1584 1197 1723 1235 vera
1766 1181 1866 1235 via
1906 1179 2033 1235 nisi
2084 1185 2229 1236 sunt
2274 1175 2361 1233 ad

267 1274 504 1332 honores
523 1314 547 1342 ,
588 1274 912 1349 imperium
939 1279 993 1327 et
1010 1270 1273 1349 gloriam
1293 1270 1399 1351 (2).
1431 1272 1632 1352 Neque
1667 1270 1835 1331 aliter
1857 1270 2117 1354 loquitur
2137 1272 2194 1330 S.
2226 1270 2359 1330 Hie-

335 1462 399 1525 (l)
437 1459 515 1507 De
546 1460 637 1506 civ.
673 1458 801 1519 Dei,
835 1459 916 1506 lib.
944 1476 975 1507 v
997 1497 1010 1520 ‚
1042 1477 1144 1525 cap.
1183 1457 1262 1509 15.

332 1542 398 1605 (2)
433 1541 669 1588 Jansenius
689 1577 702 1599 ‚
749 1540 829 1587 lib.
870 1557 915 1587 1v
934 1577 948 1600 ‚
997 1539 1077 1587 De
1123 1539 1266 1588 Statu

266 1631 451 1671 naturae
476 1620 618 1685 lapsas
635 1659 647 1681 ‚
677 1638 776 1684 cap.
796 1618 828 1668 6
846 1658 857 1680 ‚
881 1632 998 1669 totus
1017 1624 1067 1668 in
1091 1639 1145 1669 eo
1171 1632 1262 1678 est,

272 1716 320 1753 ut
348 1707 523 1752 evincat
537 1739 551 1763 ‚
575 1700 621 1751 S.
640 1702 943 1766 Augustinum
961 1721 1055 1750 non
1071 1703 1126 1750 de
1148 1705 1264 1751 veris

270 1786 513 1835 virtutibus
538 1785 633 1832 haec
662 1787 915 1848 scripsisse,
940 1785 1017 1832 sed
1041 1785 1096 1831 de
1119 1786 1264 1831 virtu-

271 1868 390 1915 tibus
431 1867 591 1914 fucatis
616 1903 629 1926 ‚
681 1882 781 1931 quae
827 1868 1024 1931 speciem
1074 1866 1265 1931 quidem

269 1966 357 2013 prae
383 1965 427 1995 se
449 1949 616 1996 ferrent
633 1950 851 1996 virtutum
867 1984 879 2006 ,
901 1948 979 1995 sed
1007 1949 1152 2012 reipsa
1170 1965 1266 1998 non

272 2040 418 2077 essent
451 2032 538 2077 nisi
580 2032 714 2089 vitia,
756 2030 913 2078 saltem
945 2048 997 2077 ex
1033 2030 1125 2078 fine
1163 2048 1267 2095 per-

278 2130 431 2171 verso,
451 2131 539 2178 quo
557 2114 759 2161 infideles
792 2114 891 2162 illas
922 2116 1120 2162 actiones
1149 2130 1269 2178 prae-

276 2195 501 2241 stiterunt.
523 2194 586 2241 Ex
604 2212 692 2260 quo
710 2196 944 2243 concludit
963 2233 975 2254 ‚
992 2195 1141 2243 Deum
1162 2197 1269 2261 qui-

277 2275 381 2322 dem
395 2277 572 2337 praemio
585 2275 770 2323 donasse
785 2277 992 2324 infideles
1001 2277 1059 2324 ob
1073 2279 1270 2325 actiones

277 2372 330 2403 ex
359 2355 507 2403 officio
539 2355 683 2403 bonas
709 2395 721 2413 ,
745 2358 820 2405 sed
853 2375 927 2405 eos
955 2361 1186 2423 punivisse
1210 2359 1270 2406 ob

278 2436 420 2484 finem
449 2437 642 2486 malum.
664 2437 835 2486 Verum
861 2441 910 2486 in
938 2457 990 2487 eo
1020 2440 1097 2487 hic
1115 2450 1273 2488 auctor

279 2516 584 2566 hallucinatur
600 2553 614 2580 ,
633 2521 755 2584 quod
774 2520 1015 2580 existimet,
1036 2522 1082 2569 S.
1102 2522 1272 2570 Docto·

283 2611 385 2645 rem
409 2599 595 2648 nomine
622 2616 742 2647 veroe
770 2603 964 2649 virtutis
989 2604 1216 2668 significas
1228 2621 1276 2652 es

285 2695 397 2742 opus
426 2681 653 2727 moraliter
677 2681 921 2730 honestum
947 2694 1084 2749 atque
1113 2686 1276 2733 sterili—

284 2767 351 2807 ter
369 2758 543 2806 bonum
562 2796 574 2818 ‚
599 2777 704 2808 cum
726 2771 878 2809 tamen
897 2763 1107 2829 loquatur
1125 2765 1172 2813 S.
1190 2767 1281 2813 Au·

287 2841 489 2903 gustinus
521 2841 576 2888 de
611 2844 773 2890 virtute
805 2843 882 2890 illa
902 2881 919 2911 ,V
949 2863 1040 2910 qua
1071 2846 1280 2895 homines

287 2920 600 2983 perducuntur
615 2923 671 2970 ad
692 2933 905 2972 aeternam
925 2928 1063 2973 vitam
1085 2964 1098 2988 ‚
1133 2929 1282 2991 qualis

292 3010 408 3048 certe
432 3019 526 3049 non
550 3014 640 3051 erat
665 3007 810 3054 virtus
843 3007 1119 3057 infidelium.
1150 3009 1283 3058 Cete-

294 3095 397 3127 rum
413 3115 430 3140 ,
453 3080 505 3130 S.
530 3085 829 3147 Augustinum
846 3090 1093 3138 nonnullas
1122 3092 1285 3140 saltem

295 3162 493 3210 actiones
523 3168 753 3227 agnovisse
779 3172 829 3217 in
853 3171 1119 3221 infidelibus
1137 3211 1151 3234 ‚
1182 3190 1286 3240 quae

295 3257 390 3288 non
406 3242 573 3291 fuerint
588 3262 639 3292 ex
661 3251 785 3295 omni
799 3261 924 3314 parte
941 3254 1092 3314 malfe,
1111 3267 1287 3305 constat

296 3324 435 3369 etiam
450 3342 501 3371 ex
520 3327 573 3372 iis
588 3363 600 3385 ‚
621 3343 720 3392 quae
742 3333 932 3394 scripsit,
950 3334 1055 3383 Lib.
1077 3333 1150 3388 De
1163 3339 1284 3402 spir.

1339 1461 1553 1526 Justitioe
1569 1460 1781 1526 requlam
1799 1477 1898 1514 non
1916 1460 2067 1509 solum
2090 1462 2362 1526 vituperare

1352 1559 1450 1590 non
1479 1559 1766 1607 possumus,
1809 1559 1974 1595 verum
2008 1544 2155 1591 etiam
2193 1543 2362 1590 merito

1353 1632 1561 1687 reeteque
1572 1623 1827 1671 laudamus
1844 1641 1865 1684 ‚-
1883 1640 2178 1688 quanquam,
2196 1625 2243 1670 si
2261 1622 2363 1669 dis·

1353 1705 1568 1751 cutiatur
1584 1742 1596 1763 ‚
1630 1722 1713 1760 Quo
1728 1706 1958 1769 rmefi'ant
1973 1742 1986 1763 ‚
2002 1722 2080 1752 v1x
2098 1706 2363 1751 inveniun-

1353 1793 1435 1832 tur
1460 1823 1473 1845 ‚
1518 1803 1623 1850 quae
1654 1787 1869 1850 justitia?
1918 1786 2125 1833 debitam
2174 1784 2366 1832 laudem

1355 1867 1732 1931 defensionemve
1751 1875 2062 1929 mereantur,·
2084 1877 2127 1915 et
2146 1883 2246 1931 cap.
2267 1864 2331 1914 28
2349 1882 2363 1914 ε

1356 1947 1398 1995 S
1398 1950 1495 1996 icut
1506 1950 1636 1996 enim
1650 1966 1748 1996 non
1760 1949 2034 2021 impediunt
2043 1965 2070 1997 a
2081 1949 2369 2020 vita-caterno

1342 2031 1534 2096 justum
1552 2031 1770 2095 quoedam.
1781 2040 1981 2098 peecata
2000 2029 2213 2078 venialia
2227 2067 2240 2090 ‚
2261 2031 2369 2077 sine

1356 2112 1531 2176 quibus
1556 2112 1655 2160 lzaec
1684 2117 1784 2161 vita
1813 2130 1911 2160 non
1946 2113 2144 2166 ducitur
2173 2149 2186 2171 ‚
2214 2113 2287 2159 sie
2306 2111 2372 2158 ad

1357 2193 1557 2248 salutem
1582 2202 1808 2242 aeternam
1836 2194 1969 2242 nihil
1985 2203 2192 2259 prosunt
2219 2194 2370 2259 impio

1360 2275 1524 2340 aliqua
1555 2292 1671 2324 Boiu
1701 2293 1842 2324 ornus
1863 2314 1876 2336 ‚
1907 2278 2013 2324 sine
2038 2276 2214 2341 quibus
2242 2275 2369 2341 diffi-

1360 2356 1535 2404 cillime
1553 2359 1653 2404 vita
1674 2357 1928 2423 cujuslibet
1936 2359 2144 2424 pessimi
2161 2357 2372 2405 hominis

1361 2440 1631 2488 invenitur.
1669 2440 1787 2504 Ergo
1827 2458 1886 2489 ex
1921 2440 1972 2489 S.
2013 2440 2209 2488 Doctore
2232 2475 2246 2498 ‚
2287 2440 2372 2487 etsi

1362 2537 1472 2568 raro
1494 2558 1506 2580 ‚
1542 2532 1696 2570 tamen
1719 2520 1955 2570 nonnulla
1985 2522 2154 2570 dantur
2177 2523 2229 2570 in
2258 2520 2371 2567 infi-

1364 2603 1544 2651 delibus
1574 2620 1708 2668 opera
1739 2620 1796 2652 ex
1824 2606 1952 2657 omni
1979 2613 2108 2667 parte
2135 2602 2257 2650 bona
2273 2639 2287 2664 ,
2323 2602 2373 2650 id

1366 2695 1465 2744 est,
1510 2695 1610 2737 tum
1655 2687 1836 2737 ratione
1868 2685 2040 2742 officii,
2068 2695 2168 2733 tum
2197 2687 2374 2734 ratione

1366 2767 1473 2814 finis
1494 2804 1507 2827 ,
1560 2767 1718 2815 saltem
1765 2769 1960 2832 proximi
2004 2771 2051 2815 et
2094 2766 2371 2816 immediati.

1368 2849 1608 2914 Perperam
1624 2849 1651 2898 J
1656 2851 1871 2898 ansenius
1891 2847 2119 2897 declinare
2137 2849 2376 2898 contendit

1368 2934 1462 2979 vim
1478 2930 1619 2999 hujus
1635 2934 1911 2998 argumenti,
1937 2933 2198 2992 asserendo,
2219 2929 2376 2978 S.Au0

1369 3016 1603 3078 gustinum
1628 3032 1724 3062 non
1747 3031 1799 3061 ex
1825 3015 2003 3077 propria
2025 3015 2274 3072 sententia,
2296 3013 2376 3061 sed

1370 3112 1422 3143 ex
1456 3097 1769 3160 suppositione
1805 3104 1850 3143 et
1896 3097 1947 3142 in
1981 3113 2116 3143 sensu
2166 3095 2375 3160 Pelagia-

1370 3193 1535 3225 norum
1572 3193 1668 3231 esse
1710 3176 1953 3239 locutum;
1993 3195 2102 3229 nam
2140 3187 2380 3227 contextus

1372 3260 1653 3307 contrarium
1669 3257 1807 3323 plane
1825 3260 2014 3317 evincit,
2032 3257 2117 3307 uhi
2139 3259 2252 3307 duas
2265 3258 2378 3308 sub-

1366 3343 1469 3406 jicit
1508 3341 1899 3405 interpretationes
1943 3350 2087 3388 textus
2121 3340 2324 3405 Apostoli
2362 3355 2377 3387 ε

297 3409 342 3448 et
365 3402 456 3452 litt.
475 3423 573 3470 cap.
599 3422 659 3473 27
688 3411 1002 3478 :Inzpiorum,
1022 3433 1108 3464 nec
1125 3418 1315 3466 Deum*
1375 3418 1574 3483 Gentes,
1605 3437 1710 3485 quw
1734 3419 1880 3484 leqem
1912 3438 2010 3469 non
2033 3421 2210 3470 habent
2224 3458 2237 3483 ‚
2264 3432 2377 3481 etc„

295 3499 458 3530 verum
503 3490 728 3536 veraciter
750 3493 971 3558 justeque
1003 3496 1254 3548 colentium
1271 3538 1285 3560 ‚

1373 3503 1563 3550 alteram
1601 3503 1775 3550 scilicet
1806 3501 1866 3551 de
1898 3503 2109 3569 gentibus
2142 3503 2202 3553 ad
2236 3503 2378 3561 fidem

295 3564 513 3627 quoedam
535 3567 667 3631 facta
693 3570 766 3618 vel
790 3571 1018 3638 leqimus,
1054 3579 1126 3646 vel
1150 3583 1289 3629 novi·
1373 3585 1601 3631 conversis
1620 3619 1634 3643 ‚
1664 3583 1854 3632 alteram
1882 3584 1940 3633 de
1967 3585 2179 3650 gentihus
2214 3584 2381 3633 infide-

296 3659 404 3692 mue
421 3680 439 3708 ‚
475 3647 549 3695 vel
581 3650 805 3701 audimus
823 3688 842 3716 ,
884 3672 990 3720 quae
1029 3653 1290 3711 seeundum
1373 3663 1523 3724 libus;
1554 3673 1797 3732 utramque
1833 3682 1967 3731 porro
2005 3666 2084 3715 dat
2113 3684 2167 3716 ex
2197 3668 2379 3732 proprio

613 3763 637 3780 l.
