2430 4056
3 3939 12 4056 ψ--Ἧ

2116 217 2227 276 183

494 233 646 270 PAn'r.
694 234 736 269 1.
785 233 905 270 CAP.
937 230 1008 270 JV.
1054 233 1120 269 DE
1165 232 1380 272 GRATIAE·
1424 233 1859 273 DISTRIBUTIORE.

132 377 281 451 fecit
313 368 432 452 (1);
470 393 538 430 -ac
563 371 798 430 demum
839 373 1158 449 generatim
1199 373 1264 432 30
1300 374 1683 454 pronunciat,
1730 373 1830 433 lib.
1875 376 1953 434 111
1997 376 2088 434 De
2115 379 2221 436 lib.

138 469 268 526 arb.
327 489 341 527 ε
397 468 556 525 Sunt
599 470 778 524 etiam
830 472 1179 526 necessitate.
1205 472 1374 547 facta
1427 470 1830 548 improbanda
1857 512 1877 540 ,
1938 469 2055 528 uhi
2102 473 2231 529 vult

137 564 304 621 homo
328 572 475 621 recte
491 564 687 640 facere
701 602 724 631 ,
746 570 802 617 et
824 581 942 619 non
955 572 1143 641 potest
1166 562 1273 643 (2).
1296 562 1362 621 4Ο
1390 564 1537 622 Cum
1564 584 1699 623 vero
1731 562 1805 621 ab
1832 562 1938 622 hac
1957 563 2218 623 doctrina

136 656 432 717 recesserit
467 653 755 734 Pelagius7
785 659 903 732 ejus
940 657 1210 716 articulus
1237 658 1542 717 damnatus
1569 670 1657 717 est
1690 659 1753 716 in
1779 658 2031 717 Concilio
2053 659 2220 718 Dios-

133 751 390 833 politano
433 771 446 807 :
492 751 862 808 Oblivionem
904 762 958 809 et
986 756 1394 831 iquorantiam
1435 773 1556 811 non
1591 753 1895 830 subjacere
1940 764 2176 831 peccato
2200 796 2223 825 ,

132 848 419 924 quoniam
467 865 588 903 non
626 847 954 904 secundum
993 847 1353 904 voluntatem
1391 851 1710 918 eveniunt,
1760 847 1864 904 sed
1896 849 2224 905 secundum

130 942 528 999 necessitatem
545 937 668 1018 (3).
695 940 857 1019 Ergo,

213 1031 351 1102 399.
399 1034 570 1114 Resp.
611 1034 761 1114 Ney.
799 1055 951 1092 mm.
996 1031 1083 1092 Ad
1122 1033 1200 1092 lm
1231 982 1400 1114 prob.
1440 1035 1597 1092 Dice.
1637 1035 1816 1091 Docet
1850 1034 1908 1089 S
1952 1034 2222 1111 Augusti-

129 1147 239 1184 nus
264 1127 326 1184 in
353 1128 615 1186 adductis
650 1127 887 1203 verbis
924 1149 1043 1185 non
1067 1148 1296 1208 semper
1335 1125 1548 1186 habere
1586 1137 1913 1207 peccatores
1959 1127 2110 1186 vires
2144 1126 2214 1186 ad

129 1222 487 1300 surgendum
529 1245 561 1281 a
603 1224 847 1304 pecca-tis
904 1234 1003 1281 aut
1043 1221 1115 1280 ab
1173 1223 1240 1279 iis
1290 1242 1349 1280 se
1402 1220 1813 1280 abstinendum
1856 1242 1962 1302 per
2005 1223 2222 1300 gratias

129 1315 463 1376 immediate
514 1329 573 1376 et
614 1318 874 1399 proxime
929 1316 1310 1390 sufficienteS,
1338 1337 1528 1388 conc.;
1574 1316 1824 1375 mediate
1860 1337 1966 1397 per
2009 1318 2220 1375 oratio-

129 1430 266 1468 nem
301 1457 318 1485 ,
360 1434 487 1491 neq.
1076 1487 1077 1490 Ἴ

207 1505 347 1563 400.
393 1506 477 1565 Ad
511 1507 618 1581 2¹¹¹,
665 1508 819 1566 Dist.
860 1509 1163 1565 Peccatum
1198 1517 1286 1565 est
1310 1552 1325 1580 ‚
1360 1527 1493 1564 cum
1528 1528 1650 1564 non
1690 1517 1777 1564 est
1804 1506 2083 1580 charitas,
2124 1518 2223 1565 aut

121 1599 319 1658 'minor
344 1612 452 1675 est,
484 1612 593 1660 etc.
621 1601 991 1683 hypothetice
1013 1623 1113 1660 seu
1141 1601 1479 1661 dominante
1506 1600 1819 1682 cupiditate
1847 1601 2054 1659 actuali
2081 1623 2221 1659 con-

125 1706 404 1776 sequente
436 1717 537 1755 seu
560 1696 886 1756 voluntaria
910 1741 925 1770 ,
956 1718 1115 1755 conc.
1141 1721 1156 1770 ς
1183 1696 1521 1755 dominante
1542 1695 1855 1777 cupiditate
1873 1741 1889 1770 ᾖ
1929 1718 2059 1776 quae
2097 1718 2222 1755 me-

125 1787 322 1848 diante
353 1790 557 1849 saltem
590 1793 849 1849 oratione
875 1790 1026 1851 vinci
1065 1803 1317 1872 nequeat
1346 1836 1361 1864 ,
1397 1803 1496 1848 aut
1530 1789 1732 1848 haberi
1759 1794 1943 1868 major
1971 1789 2224 1848 charitas

124 1904 247 1940 non
286 1885 502 1963 possit7
541 1907 670 1964 neq.

202 1976 344 2035 401.
394 1978 481 2036 Ad
504 1977 604 2054 3¹1¹,
624 1981 777 2037 Dist.
806 1980 881 2036 Ut
904 1989 1102 2037 tamen
1124 2001 1245 2037 non
1260 1980 1624 2059 imputentur
1651 1978 1723 2037 ad
1744 1978 1975 2058 culpam
1991 2024 2005 2051 ,
2027 1999 2215 2051 conat,

99 2083 187 2152 rut
211 2072 285 2131 ad
311 2071 542 2154 culpam
564 2075 950 2154 imputentur,
970 2095 1099 2153 neq.
1128 2074 1404 2154 Loquitur
1427 2074 1582 2131 enirn
1610 2073 1665 2130 S.
1698 2075 1866 2130 Pater
1886 2074 1948 2129 in
1973 2072 2221 2131 adducto

121 2179 288 2227 textu
315 2167 387 2227 de
415 2168 667 2228 motibus
696 2168 1036 2229 inordinatis
1063 2180 1123 2228 et
1152 2168 1555 2229 involuntariis
1583 2168 2058 2248 concupiscentiae
2076 2212 2092 2241 7
2120 2168 2218 2247 qui

122 2274 360 2323 eatenus
403 2262 806 2344 improbantur
844 2264 903 2322 in
931 2284 1019 2340 se,
1061 2274 1347 2346 quatenus
1388 2274 1448 2323 et
1496 2284 1568 2322 ex
1609 2273 1843 2346 peccato
1881 2273 2019 2320 sunt
2058 2272 2115 2320 et
2140 2261 2214 2319 ad

120 2368 425 2440 peccatum
450 2357 734 2418 inclinant
763 2358 874 2437 (4).

181 2539 254 2602 (l)
289 2536 401 2603 Cap.
433 2535 498 2597 6,
528 2556 579 2586 n.
629 2536 706 2586 15.

192 2619 261 2682 (2)
295 2618 409 2684 Cap.
443 2615 538 2680 18,
574 2636 627 2667 n.
659 2617 741 2667 51.

1213 2537 1388 2603 objecta
1404 2574 1417 2595 ‚
1444 2543 1583 2601 atque
1598 2535 1863 2584 immediate
1890 2536 2182 2599 prosequitur
2199 2551 2215 2582 ε

1212 2617 1341 2666 Nam
1366 2617 1490 2664 unde
1515 2625 1632 2664 sunt
1646 2616 1743 2663 illoe
1759 2632 1893 2664 voces
1915 2633 1928 2663 ε
1950 2617 2067 2662 Non
2085 2617 2216 2662 enim

191 2698 267 2764 (3)
304 2699 438 2764 Apud
466 2699 514 2748 S.
543 2699 733 2765 August.
761 2700 848 2750 lib.
883 2702 963 2748 De
987 2703 1131 2765 qestis
1211 2698 1339 2763 quod
1360 2697 1460 2746 volo
1475 2698 1607 2763 facio
1626 2698 1803 2746 bonum
1824 2696 1936 2759 ‚sed
1958 2695 2082 2760 quod
2107 2694 2211 2743 ‘nolo

123 2777 287 2844 Pelaq.
325 2797 424 2845 cap.
463 2779 626 2842 18‚n.
664 2779 749 2843 42.

1212 2779 1393 2828 malum
1417 2780 1500 2827 hoc
1529 2797 1635 2844 ayo.
1670 2779 1742 2826 Et
1767 2778 1892 2826 illud
1911 2796 1924 2826 :
1963 2775 2098 2824 Velle
2123 2776 2210 2823 ad-

190 2861 276 2926 (4).
316 2861 369 2910 Id
401 2872 519 2926 patet
558 2880 611 2911 ex
649 2880 784 2928 scopo
821 2862 871 2910 S.
911 2863 1129 2912 Doctoris
1196 2864 1336 2927 jacet
1379 2861 1536 2921 mihi,
1563 2861 1792 2926 perficere
1835 2868 1994 2906 autem
2034 2859 2212 2905 bonum

129 2954 267 3010 atque
278 2961 330 2992 ex
348 2953 580 2993 contextu.
598 2943 771 3009 Scopus
787 2947 911 2992 enim
926 2947 965 3010 ej
973 2963 1024 2993 us
1041 2956 1123 3006 est,

123 3035 172 3074 ut
185 3026 411 3085 ostendat,
434 3030 808 3091 concupiscentiae
828 3026 1125 3082 rebellionem

122 3124 303 3172 poenam
333 3125 429 3156 esse
472 3110 646 3172 peccati
693 3108 921 3174 originalis
938 3142 954 3169 ‚
1000 3109 1126 3174 quod

124 3206 281 3237 omnes
329 3176 659 3237 contraximusss
699 3189 953 3237 Contextus
992 3207 1125 3254 porro

123 3270 200 3318 hic
231 3279 295 3318 est
330 3287 344 3320 ε
370 3272 420 3317 in
442 3270 530 3319 hoc
555 3274 653 3336 ipso
679 3289 778 3335 cap.
814 3270 868 3319 18
886 3308 899 3330 ‚
936 3289 987 3319 n.
1021 3268 1084 3318 50
1107 3306 1122 3329 ,

121 3351 211 3416 jam
243 3353 419 3401 dixerat
454 3369 467 3399 :
499 3351 820 3418 Quoecumque
845 3345 938 3401 ista
978 3368 1125 3400 causa

121 3442 189 3482 est
216 3433 474 3482 voluntatis
495 3471 508 3493 ‚
525 3435 572 3481 εἰ
585 3449 682 3481 non
691 3442 847 3500 potest
871 3435 919 3481 ei
930 3435 1090 3481 resisti
1106 3469 1121 3492 ‚

122 3517 224 3563 sine
240 3524 432 3581 peccato
459 3516 509 3562 ei
538 3515 737 3564 ceditur.
772 3514 832 3563 Si
855 3523 1011 3563 autem
1031 3532 1123 3580 po-

123 3605 208 3644 test
222 3632 239 3658 ,
274 3613 372 3645 non
395 3599 442 3644 ei
460 3597 682 3654 cedatur,
707 3605 751 3643 et
774 3613 875 3644 mm
900 3595 1122 3663 peccabi-

126 3686 221 3726 tur.
255 3678 450 3739 Deinde,
483 3698 547 3743 n„
568 3677 623 3727 51
650 3715 662 3739 ,
682 3681 808 3744 ponit
831 3681 965 3728 verba
993 3678 1126 3728 nobis

1209 2959 1307 2992 non
1337 2944 1550 2991 invenio.
1580 2942 1653 2990 Et
1682 2941 1807 2988 illud
1846 2939 2005 2987 :Caro
2040 2955 2215 2987 concu-

1199 3026 1372 3090 piscit,
1406 3035 1496 3073 etc.
1528 3022 1624 3071 Sed
1656 3022 1754 3071 haec
1780 3023 1943 3069 omnia
1964 3020 2214 3068 hominum

1207 3115 1322 3154 sunt
1341 3143 1355 3166 ‚
1396 3122 1453 3153 exc
1483 3104 1567 3152 illa
1607 3106 1773 3169 mortis
1806 3103 2113 3150 damnatione
2141 3120 2213 3152 te·

1193 3190 1449 3236 ⁴m‘cmtium
1471 3203 1485 3249 3
1506 3203 1630 3234 -nam
1650 3223 1663 3246 ,
1679 3187 1725 3233 si
1743 3201 1841 3232 non
1860 3193 1928 3232 est
1953 3187 2046 3232 ista
2066 3200 2214 3250 poena

1206 3268 1417 3316 hominis
1433 3302 1449 3328 ,
1480 3267 1562 3315 sed
1588 3274 1767 3314 natura
1785 3304 1797 3326 ‚
1829 3265 1963 3314 nulla
1993 3268 2087 3314 ista
2104 3283 2209 3332 pec-

1205 3358 1312 3397 cata
1330 3355 1501 3398 sunt...
1527 3347 1673 3397 Nunc
1690 3355 1847 3396 autem
1867 3350 1983 3412 quia
2012 3350 2082 3394 ita
2109 3354 2208 3410 εει,

1205 3447 1303 3479 mm
1329 3441 1397 3479 est
1424 3431 1575 3480 bonus
1605 3432 1774 3495 (homo
1791 3434 1844 3494 ),·
1873 3446 1961 3478 neo
1985 3430 2124 3478 hahet
2148 3432 2204 3478 in

1196 3521 1424 3579 potestate
1455 3521 1509 3561 ut
1530 3513 1681 3561 bonus
1703 3514 1817 3561 ait...
1838 3530 2035 3578 paenam
2062 3515 2204 3560 istam

1205 3613 1303 3644 esse
1315 3597 1425 3660 quis
1437 3595 1649 3643 dubitet?
1661 3595 1842 3644 Exinde
1862 3604 1987 3660 patet·
1997 3595 2114 3643 mala
2130 3593 2207 3641 ad·

1207 3680 1510 3727 versariorum
1527 3677 1663 3742 sidesj,
1679 3677 1792 3726 dum
1814 3677 1920 3726 talia
1937 3674 2204 3725 obtrudunt.
