2430 4056
192 169 311 227 ‘252

955 185 1146 224 TRAc'r.
1194 186 1268 225 lm
1305 186 1528 227 GRATIA.

192 331 343 390 inter
365 349 564 388 aurum
586 335 644 385 et
665 347 762 385 vas
778 325 982 399 fictile3
1011 322 1156 382 illud
1179 323 1337 382 enim
1357 345 1586 406 semper
1607 326 1925 407 pretiosum
1953 334 2040 383 est
2059 369 2075 399 ,
2107 325 2262 384 istud

191 445 416 504 semper
445 420 574 480 vile.
615 419 701 477 Sic
730 418 991 477 Christus
1019 420 1184 476 Jesus
1204 460 1220 490 ,
1250 416 1643 499 apprehensus
1670 410 1966 500 perfidem
1988 462 2004 492 7
2033 427 2118 476 est
2139 418 2263 497 ipsa

192 518 407 599 puritas
431 539 446 587 ς
473 514 646 571 homo
661 522 854 570 autem
871 510 1057 570 fidelis
1073 521 1159 569 est
1174 510 1434 590 impurus
1449 512 1509 568 in
1537 523 1731 583 mente
1761 524 1818 571 et
1841 510 2009 596 corde
2031 532 2132 569 suo
2148 511 2260 590 (l)

190 614 269 670 Ex
293 610 398 667 hoc
434 617 594 687 patet
618 607 819 685 ingens
847 605 1153 663 discrimen
1179 649 1195 678 a
1236 602 1390 685 quod
1428 603 1731 664 intercedit
1768 607 1920 664 inter
1953 604 2257 679 fiduciam,

189 702 412 784 qualem
437 701 764 781 concipiunt
796 701 1111 759 Novatores
1147 709 1212 756 ut
1245 697 1624 779 necessariam
1651 698 1726 757 ad
1750 701 2220 777 justificationem
2239 743 2255 769 .,

187 806 243 854 et
273 796 425 852 inter
454 815 618 873 spem
646 814 745 852 seu
783 792 1050 850 fiduciam
1074 836 1089 865 ,
1128 812 1301 872 quam
1335 800 1547 870 praeter
1584 790 1757 850 fidem
1787 795 1961 852 eti-am
1988 791 2264 852 Catholici

185 888 560 947 necessariam
611 897 927 968 agnoscunt
971 887 1124 945 inter
1172 896 1386 945 ceteras
1429 883 1827 965 dispositiones
1866 886 1941 947 ad
1983 887 2262 965 justifica-

183 984 400 1042 tionem
440 980 876 1062 assequendam.

183 1148 255 1193 cio
297 1144 420 1210 quod
479 1143 726 1192 essentialis
764 1145 944 1207 justitiae
985 1144 1175 1190 invexit.

183 1226 475 1289 Respondens
501 1227 669 1288 itaque,
700 1222 727 1288 ἓ
760 1241 807 1290 7,
844 1242 945 1287 pag.
980 1238 1068 1288 192
1092 1223 1178 1279 ‚ad

183 1307 434 1371 Septimum
478 1305 687 1352 Osiandri
724 1314 1070 1368 argumentum,
1116 1306 1177 1351 ita

182 1388 337 1435 scribit
384 1404 398 1435 ε
449 1385 590 1451 Quod
630 1385 825 1450 objicit,
868 1389 968 1432 vim
997 1385 1178 1450 justifi-

175 1467 362 1531 ficandi
404 1483 501 1514 non
538 1468 689 1513 inesse
722 1465 841 1528 fidei
879 1482 936 1513 ex
982 1467 1137 1530 seipsa
1159 1501 1174 1529 ,

181 1549 261 1596 sed
281 1556 510 1612 quatenus
540 1547 781 1595 Christum
810 1547 1008 1611 recipit,
1036 1545 1175 1593 libeu-

181 1638 250 1676 ter
286 1630 496 1677 admitto.
530 1628 658 1675 Nam
679 1662 694 1687 ,
735 1629 782 1673 si
812 1644 905 1692 per
932 1643 978 1673 se
1007 1626 1081 1673 vel
1105 1628 1175 1673 in-

181 1711 414 1765 trinseca.
459 1718 513 1756 ut
559 1708 838 1772 loquuntur,
885 1709 1058 1754 virtute
1070 1709 1175 1772 jus-

180 1792 375 1853 tificaret
396 1789 540 1852 fides,
572 1798 625 1836 ut
651 1797 718 1835 est
735 1805 916 1852 semper
943 1787 1113 1835 debilis
1133 1796 1175 1835 et

184 1871 453 1936 imperfecta
472 1907 485 1929 ‚
523 1886 620 1917 nou
645 1871 836 1936 efficeret
865 1869 947 1917 hoc
990 1871 1093 1916 uisi
1118 1885 1174 1916 etc

173 1961 312 2016 parte
343 1971 362 2009 ;
391 1953 460 1998 sic
481 1967 653 1998 mama
688 1959 803 1998 esset
813 1952 1014 2016 justitia
1030 1987 1043 2010 ‚
1070 1967 1174 2014 quae

176 2032 434 2096 frustulum
481 2032 651 2079 salutis
697 2032 835 2079 uobis
882 2031 1168 2094 conferret...

181 2114 343 2177 Neque
373 2122 530 2159 tamen
557 2114 735 2159 interea
771 2120 998 2159 tortuosas
1033 2111 1175 2178 hujus

180 2193 409 2258 Sophistoe
422 2195 606 2257 fiquras
623 2192 816 2240 admitto
837 2230 849 2252 ,
876 2210 1021 2256 quum
1038 2192 1171 2251 dicit,

173 2276 316 2338 fidem
339 2291 434 2321 esse
466 2274 737 2330 Christum;
781 2275 921 2337 quasi
948 2289 1053 2320 vero
1084 2272 1173 2319 olla

171 2354 336 2418 fictilis
373 2357 435 2401 sit
463 2354 707 2401 thesaurus
728 2388 741 2414 ,
769 2353 893 2417 quod
935 2355 990 2400 in
1014 2369 1069 2400 ea
1095 2369 1173 2399 re-

176 2436 415 2483 conditum
446 2437 508 2482 sit
528 2451 717 2482 aurum.
746 2434 908 2497 Neque
948 2436 1074 2481 enim
1104 2433 1171 2480 di-

177 2533 309 2564 versa
356 2518 476 2563 ratio
508 2525 604 2575 est,
650 2517 769 2578 quin
797 2516 946 2578 fides,
987 2515 1175 2562 etiamsi

176 2595 359 2643 nullius
370 2613 461 2661 per
474 2613 521 2643 se
541 2596 794 2658 diqm'tatis
810 2599 872 2643 sit
898 2595 973 2644 vel
987 2597 1140 2661 pret-ii
1157 2630 1170 2654 ,

176 2694 261 2724 uos
292 2678 525 2742 justificet
546 2712 562 2737 ‚
615 2677 857 2724 Christum
903 2679 1138 2743 afferendo
1156 2716 1170 2739 ,

174 2761 297 2806 sicut
340 2758 430 2806 olla
465 2760 688 2823 pecuniis
723 2758 898 2822 referta
937 2758 1173 2808 homiuem

174 2838 478 2904 locupletat...
499 2839 613 2887 Jam
639 2839 887 2905 expeditus
907 2848 974 2887 est
995 2857 1173 2906 quoque

175 2920 327 2967 ‘nodus
356 2957 368 2980 ‚
409 2920 633 2984 quomodo
667 2920 871 2985 intelli'qi
901 2920 1063 2969 debeat
1092 2940 1173 2970 vo-

175 3001 394 3049 cabulum
429 3002 575 3066 fidei,
616 3003 704 3050 ubi
743 3002 799 3049 de
820 3004 1172 3068 justificatione

175 3083 352 3143 aqitur.
379 3082 536 3148 Neque
564 3081 652 3132 aiia
676 3086 848 3132 ratione
877 3088 1082 3134 sentiunt
1096 3097 1175 3134 aut

175 3159 425 3227 loquuntur
454 3164 719 3213 Lutherani.
750 3167 928 3217 Etenim
970 3172 1020 3216 in
1049 3170 1174 3235 Apo·

175 3241 268 3304 loq.
297 3259 360 3317 iv,
402 3244 457 3290 de
494 3243 698 3309 Justific.
741 3247 766 3313 §
808 3248 897 3312 18,
933 3267 1036 3315 pag.
1067 3267 1122 3316 71
1152 3288 1165 3312 ‚

178 3322 344 3371 dicitur
374 3341 388 3372 ε
417 3324 490 3372 Et
516 3340 684 3375 rursus
702 3333 878 3393 quoties
899 3348 985 3379 nos
1007 3332 1063 3379 de
1073 3332 1171 3397 fide

180 3404 420 3469 loquimur
432 3444 445 3464 ‚
461 3408 663 3474 intelliqz‘
674 3411 888 3461 volumus
911 3414 1138 3479 objectum
1151 3451 1168 3473 ,

174 3486 355 3534 scilicet
422 3490 795 3541 misericordiam
860 3498 1169 3560 promissam.

173 3566 302 3615 Nam
338 3567 458 3631 fides
487 3585 585 3617 non
626 3571 729 3620 ideo
764 3576 1004 3639 justificat
1025 3613 1038 3636 ‚
1084 3587 1172 3626 aut

171 3645 322 3696 salvat
341 3684 355 3711 ,
388 3651 506 3714 quia
537 3652 643 3718 ipsa
676 3654 737 3702 sit
763 3670 881 3720 opus
907 3673 998 3722 per
1017 3674 1066 3707 se
1091 3657 1168 3706 di-

1259 1158 1411 1207 qnum
1426 1178 1439 1198 ,
1467 1140 1551 1189 sed
1572 1149 1758 1189 tantum
1788 1141 1904 1205 quia
1926 1142 2105 1207 accipit
2119 1143 2262 1190 mise·

1263 1222 1521 1270 ricordiam
1530 1224 1840 1288 promissam.
1859 1222 1936 1271 Sic
1948 1225 2084 1272 etiam
2101 1223 2265 1272 Chem-

1263 1307 1402 1351 nitius
1421 1338 1439 1365 ,
1471 1302 1654 1352 Etcum.
1684 1302 1835 1352 Cone.
1889 1302 2031 1351 Trid.
2079 1320 2186 1369 pag.
2218 1321 2263 1366 1,

1263 1394 1308 1433 et
1334 1381 1451 1449 294.

1330 1465 1393 1529 (l)
1423 1464 1519 1513 Cfr.
1549 1463 1752 1512 Moehler
1783 1500 1795 1516 .
1817 1481 1892 1529 op.
1921 1467 1998 1513 cit.
2014 1482 2118 1530 pag.
2150 1464 2260 1515 165.

1263 1545 1352 1594 Ubi
1378 1547 1578 1609 apposite
1601 1547 1664 1593 ait
1694 1562 1708 1592 ε
1741 1544 1877 1593 Nous
1901 1544 2083 1593 l'avons
2106 1533 2263 1593 enten-

1260 1625 1327 1673 du
1349 1663 1361 1685 ‚
1396 1625 1442 1672 la
1459 1626 1535 1690 foi
1558 1625 1678 1672 n'est
1705 1628 1848 1690 point
1874 1642 1943 1673 uu
1976 1626 2266 1674 ecoulemeut

1261 1707 1316 1754 de
1331 1706 1540 1772 I'Esprit
1559 1707 1625 1755 du
1655 1706 1820 1755 Christ
1834 1728 1853 1765 ,·
1877 1705 1960 1754 elle
1987 1695 2118 1755 u'est*
2123 1709 2267 1773 point

1259 1806 1353 1836 une
1406 1791 1666 1854 puissaace
1718 1789 2112 1854 affrauchissante
2131 1826 2144 1849 ‚
2192 1805 2262 1837 uu

1254 1870 1478 1935 princ-ipe
1507 1871 1561 1916 de
1598 1872 1673 1916 vie
1700 1855 1977 1933 reqenerant
2006 1869 2047 1917 le
2063 1868 2259 1937 fidele,-

1259 1952 1384 1997 mais
1415 1949 1496 1997 elle
1514 1958 1581 1996 est
1607 1950 1637 1996 ὰ
1669 1949 2011 1997 Jews-Christ
2040 1966 2090 1997 ee
2112 1967 2199 2014 que
2218 1950 2260 1998 le

1260 2047 1368 2078 vase
1395 2030 1590 2093 d'arqile
1613 2038 1682 2077 est
1707 2047 1773 2078 au
1812 2035 1976 2079 tresor.
2007 2030 2197 2078 Comme
2217 2031 2258 2079 Ie

1260 2127 1367 2158 vase
1380 2118 1424 2158 et
1443 2110 1484 2157 le
1512 2114 1658 2158 tresor
1674 2127 1733 2157 ne
1761 2110 2039 2158 devieaneut
2048 2128 2142 2177 pas
2164 2128 2258 2159 une

1261 2204 1303 2242 et
1325 2198 1471 2241 meme
1511 2194 1673 2255 chose,
1706 2211 1880 2242 comme
1916 2194 2016 2242 l'un
2057 2204 2177 2243 reste
2202 2196 2258 2244 de

1257 2274 1437 2338 l’arqile
1463 2283 1507 2322 et
1535 2274 1699 2322 l'autre
1738 2275 1795 2322 de
1822 2275 1938 2335 l'or,
1966 2275 2023 2323 de
2046 2279 2195 2325 meme
2211 2276 2259 2326 la
2341 2341 2343 2343 ι

1252 2355 1328 2419 foi
1352 2357 1512 2403 n'uuit
1517 2372 1612 2421 pas
1635 2355 1854 2404 l'homme
1878 2359 2102 2406 intiment
2123 2359 2154 2407 ὰ
2174 2358 2258 2407 Je-

1257 2436 1531 2484 sus-Christ
1542 2453 1563 2497 ,·
1587 2437 1642 2484 de
1669 2440 1816 2485 meme
1842 2447 1972 2486 entre
2010 2438 2052 2486 Ie
2084 2438 2247 2487 Christ

1257 2527 1302 2565 et
1335 2517 1376 2565 le
1393 2516 1553 2584 fidele
1585 2518 1626 2565 il
1666 2522 1860 2567 u’existe
1892 2537 1981 2584 que
2021 2518 2101 2567 des
2142 2537 2256 2586 rap-

1249 2609 1384 2665 ports
1388 2618 1426 2665 p
1432 2617 1558 2648 urem
1564 2609 1642 2647 eat
1653 2599 2090 2649 exterieursde'sus·
2098 2600 2260 2648 Christ

1258 2692 1327 2728 est
1346 2681 1568 2747 lapurete
1586 2675 1750 2740 meme,
1779 2681 1819 2729 le
1845 2682 2053 2730 chretien
2081 2692 2148 2730 est
2162 2683 2254 2729 im-

1249 2779 1352 2828 pur
1365 2763 1486 2810 daus
1499 2780 1584 2810 sou
1596 2766 1743 2828 esprit
1754 2772 1799 2811 et
1813 2764 1932 2812 dans
1948 2781 2035 2812 son
2050 2781 2198 2826 coeur,·
2213 2763 2255 2812 le

1262 2844 1426 2891 Christ
1436 2853 1503 2892 est
1514 2845 1647 2911 offert
1660 2846 1690 2893 ὰ
1705 2844 1841 2893 Dieu
1848 2863 1948 2911 par
1961 2863 2046 2894 son
2061 2844 2255 2911 disciple

1258 2934 1302 2974 et
1324 2942 1411 2974 sou
1436 2926 1633 2991 disoipIe
1644 2943 1704 2975 ne
1719 2927 1907 2975 devient
1912 2945 2006 2994 pas
2022 2945 2090 2975 un
2105 2929 2256 2975 saeri-

1241 3006 1351 3077 fioe
1375 3008 1592 3072 aqreable
1616 3009 1646 3056 ὰ
1675 3008 1827 3058 Dieu.
1850 3010 2027 3058 Deinde
2059 3010 2258 3058 ostendit

1258 3091 1335 3138 hic
1361 3091 1488 3139 idem
1519 3101 1695 3151 auctor,
1722 3091 1844 3139 hanc
1875 3093 2098 3139 rationem
2113 3108 2252 3156 expo-

1257 3172 1398 3219 nendi
1427 3173 1659 3235 proprium
1695 3190 1830 3219 suum
1863 3182 2054 3236 systema
2071 3188 2129 3220 ex
2158 3175 2255 3236 ipsa

1249 3263 1410 3302 natura
1456 3253 1661 3318 ejusdem
1709 3256 1962 3316 systematis
2008 3256 2255 3302 necessario

1253 3333 1543 3383 descendere.
1559 3331 1712 3381 Semel
1736 3336 1862 3381 enim
1873 3336 2118 3383 constituto
2133 3339 2256 3400 prin-

1258 3418 1376 3480 cipio
1401 3414 1524 3479 quod
1549 3409 1724 3479 justitia
1751 3417 1807 3463 sit
1832 3426 1959 3464 extra
1992 3433 2075 3464 nos
2098 3452 2111 3475 ‚
2147 3431 2253 3479 pro-

1254 3513 1370 3543 num
1407 3504 1502 3544 erat
1536 3495 1702 3543 inferre
1718 3533 1732 3555 ‚
1781 3499 1965 3562 nonnisi
2005 3498 2252 3545 extrinsece

1250 3593 1380 3641 posse
1404 3575 1669 3625 hominibus
1704 3578 1920 3643 applicari
1945 3575 2250 3627 obedientiam

1253 3674 1331 3707 seu
1358 3660 1521 3708 merita
1554 3657 1816 3710 Salvatoris.
