2540 4074
218 188 291 250 18
980 201 1185 246 TRAGT.
1233 208 1302 244 nn
1346 206 1571 247 onam.

212 364 433 412 terrore
476 346 809 432 percellitur
847 346 1202 426 judiciorum
1243 349 1349 406 Dei
1387 391 1404 421 7
1442 369 1572 429 quae
1612 348 1724 430 ipsi
1758 368 1869 430 per
1906 347 2323 410 revelationem

210 455 653 529 proponuntur3
679 453 867 502 cetera
895 440 1150 523 denique
1182 441 1431 523 propriis
1473 441 1692 502 viribus
1725 441 2025 522 hominem
2046 455 2322 526 praestare

214 562 385 624 posse
405 584 421 614 7
460 535 726 619 exempla
756 546 844 594 tot
879 534 1262 594 honestorum
1283 534 1653 597 ethnicorum
1674 580 1691 610 7
1727 537 1828 618 qui
1851 538 2031 616 gratia
2059 537 2324 597 destituti

212 632 530 696 virtutibus
561 629 958 690 excelluerunt
980 673 997 703 7
1028 629 1335 688 manifeste
1371 629 1709 690 ostendunt.
1749 631 1866 691 Nec
1910 632 2078 691 aliter
2113 631 2326 692 docent

210 731 394 788 Sacrae
420 727 648 786 Litterae
690 744 704 782 :
738 724 1075 783 Proedieate
1089 766 1112 796 ,
1152 723 1346 804 inquit
1385 722 1650 783 Christus
1672 769 1689 799 7
1729 725 2134 807 Evaozqelium
2162 730 2334 786 omni

209 832 546 892 ereaturoe3
589 822 704 898 qui
743 819 1063 878 crediderit
1114 823 1312 878 salvus
1359 822 1478 876 erit
1503 862 1520 891 7
1565 839 1673 877 nec
1723 819 1896 879 aliam
1935 820 2330 880 conditionem

210 917 410 995 injicit.
460 915 549 973 Sic
599 913 919 973 sexcenties
964 933 1197 995 sperare
1250 912 1315 971 in
1351 913 1604 973 Domino
1643 911 1925 990 jubemur
1953 960 1970 990 7
2027 917 2171 998 quin
2210 915 2330 974 ulla

210 1009 567 1072 necessitatis
604 1007 678 1067 ad
721 1006 783 1066 id
820 1008 1017 1087 gratiae
1054 1007 1279 1067 mentio
1313 1008 1414 1066 fiat
1441 1032 1457 1081 ς
1489 1006 1564 1066 ad
1605 1009 1795 1068 Deum
1827 1009 2148 1069 amandum
2181 1030 2328 1089 pro-

210 1126 523 1179 vocamur7
559 1101 634 1161 ad
656 1124 762 1161 nos
795 1100 1247 1176 convertendOS,
1273 1113 1332 1161 et
1349 1100 1425 1161 ad
1455 1101 1564 1160 alia
1596 1101 1686 1160 his
1715 1102 1923 1163 similia
1955 1101 2285 1186 praestanda
2311 1146 2330 1177 7

214 1222 343 1283 quae
380 1200 592 1258 frustra
619 1219 649 1256 a
688 1195 856 1256 nobis
898 1197 1300 1276 exigerentur,
1339 1198 1450 1256 nisi
1498 1196 1562 1255 in
1589 1208 1787 1256 nostra
1823 1208 2017 1257 essent
2042 1207 2333 1279 potestate

213 1295 420 1377 posita.
474 1295 558 1352 De
617 1291 923 1353 voluntate
972 1290 1214 1351 demum
1261 1302 1462 1373 aperte
1508 1312 1572 1351 ac
1611 1292 1933 1352 universim
1985 1292 2336 1374 pronunciat

213 1387 521 1472 Apostolus
553 1409 566 1445 :
604 1387 755 1447 Velle
788 1388 1023 1465 adjacet
1056 1387 1217 1445 milti
1234 1387 1257 1466 (
1279 1389 1444 1446 Rom.
1474 1387 1575 1446 VII
1604 1432 1620 1462 7
1662 1387 1735 1447 18
1761 1387 1802 1469 ).
1837 1389 2001 1467 Ergo,

294 1484 394 1543 32.
444 1485 616 1563 Resp.
654 1483 812 1542 Diet.
846 1486 998 1540 min
1029 1484 1208 1541 Prout
1249 1481 1311 1540 hi
1342 1494 1502 1541 actus
1539 1484 1599 1541 in
1633 1504 1694 1542 se
1730 1494 2070 1564 spectantur
2090 1528 2106 1557 7
2139 1504 2241 1542 seu
2269 1482 2333 1540 in

212 1600 313 1637 sua
344 1624 360 1652 7
395 1588 461 1636 ut
489 1576 699 1636 dicitur
719 1621 735 1651 7
767 1579 1192 1636 materialitate
1214 1622 1230 1651 7
1266 1588 1480 1652 trans.;
1510 1577 1585 1637 de
1622 1578 1712 1637 his
1749 1579 1908 1638 enim
1930 1579 2172 1637 inferius
2198 1599 2335 1657 age-

214 1695 346 1732 mus
375 1698 390 1747 3
422 1682 603 1754 p1out
631 1682 790 1730 actus
837 1671 1119 1731 salutares
1155 1684 1296 1730 sunt
1330 1693 1396 1731 ac
1426 1672 1896 1754 supernaturales
1921 1717 1936 1747 7
1972 1694 2074 1731 seu
2113 1671 2338 1729 ratione

217 1770 383 1828 modi
410 1814 425 1841 7
460 1790 587 1847 neq.
626 1769 753 1825 Duo
793 1766 917 1826 haec
950 1766 1106 1826 inter
1143 1789 1203 1826 se
1239 1768 1579 1849 permisceri
1614 1778 1936 1848 nequeunt.
1991 1767 2142 1826 Fieri
2179 1766 2339 1825 enim

217 1862 568 1945 quandoque
615 1873 807 1942 potest
844 1906 860 1935 7
910 1860 1071 1942 quod
1117 1873 1319 1942 postea
1367 1861 1722 1921 enucleatius
1772 1861 2173 1942 expendemus
2207 1906 2223 1933 7
2271 1871 2338 1919 ut

217 1956 484 2016 nonnulli
509 1968 668 2014 actus
695 1956 756 2014 in
780 1976 841 2014 se
872 1954 1115 2035 spectati
1142 1954 1336 2014 faciles
1366 1955 1485 2013 sint
1502 2001 1517 2029 7
1552 1976 1617 2013 ac
1638 1956 1897 2036 praestari
1928 1954 2176 2036 proinde
2201 1976 2335 2035 pos-

219 2054 335 2112 sint
378 2052 501 2109 sine
543 2049 816 2131 peculiari
874 2049 1072 2128 gratiae
1122 2048 1335 2133 auxilio
1364 2095 1380 2123 7
1426 2050 1831 2108 infirmitatem
1878 2071 1984 2132 per
2032 2059 2337 2130 peccatum

218 2157 576 2207 contractam
631 2155 894 2203 sanante.
957 2145 1029 2202 At
1071 2143 1143 2203 de
1192 2143 1283 2203 his
1342 2143 1437 2202 hic
1486 2166 1607 2203 non
1657 2145 1864 2223 agitur.
1923 2142 2040 2202 Sed
2096 2142 2337 2223 quaestio

222 2253 484 2303 versatur
513 2241 658 2300 circa
683 2251 840 2298 actus
868 2239 1146 2298 salutares
1172 2261 1236 2299 ac
1259 2240 1728 2322 supernaturales
1750 2286 1765 2312 7
1799 2239 2012 2322 quibus
2032 2238 2209 2297 homo
2241 2248 2344 2297 aut

218 2339 547 2419 disponitur
577 2347 678 2394 aut
703 2335 1042 2416 perducitur
1072 2335 1147 2393 ad
1184 2336 1695 2417 supernaturalem
1726 2335 2154 2395 beatitudinem
2191 2355 2339 2393 asse-

220 2431 536 2515 quendam.
568 2432 745 2489 Porro
770 2429 880 2488 hoc
908 2430 1034 2511 ipso
1058 2475 1073 2504 7
1100 2429 1258 2511 quod
1282 2429 1376 2489 hic
1406 2430 1548 2490 ordo
1571 2453 1744 2514 supra
1779 2443 2052 2490 naturam
2086 2428 2343 2489 hominis

222 2539 310 2587 est
328 2573 345 2600 7
372 2537 532 2608 patet
549 2571 564 2599 7
595 2525 898 2583 hominem
919 2569 935 2599 7
969 2524 1079 2583 nisi
1103 2526 1283 2605 gratia
1312 2526 1705 2608 praeveniatur
1725 2573 1741 2602 7
1760 2527 2053 2586 excitetur
2079 2545 2144 2584 ac
2171 2522 2341 2601 adju-

220 2632 392 2682 vetur
442 2620 516 2679 ad
543 2619 823 2698 ejusmodi
847 2631 1006 2678 actus
1035 2619 1345 2679 eliciendos
1374 2666 1391 2696 7
1428 2621 1492 2679 in
1522 2620 1783 2681 absoluta
1816 2619 2160 2704 impotentia
2206 2639 2343 2678 ver-

221 2718 334 2776 sari
372 2715 555 2775 relate
601 2714 676 2773 ad
728 2713 986 2773 eosdem.
1030 2715 1183 2773 Hinc
1223 2726 1312 2774 est
1350 2715 1510 2798 quod
1552 2717 1616 2775 in
1653 2715 1788 2776 fidei
1818 2715 2097 2791 decretis7
2138 2733 2241 2772 seu
2277 2712 2342 2770 in

220 2811 517 2871 sanctione
536 2808 844 2890 ‚catholicas
881 2808 1160 2870 doctrinae
1190 2831 1423 2893 semper
1452 2811 1701 2871 addatur
1740 2834 1753 2870 :
1791 2816 1951 2894 sieut
1979 2819 2218 2890 oportet.

301 2905 400 2965 33.
450 2906 623 2967 Hisce
652 2904 855 2986 positis
876 2948 891 2977 7
920 2925 1026 2986 per
1049 2925 1110 2965 se
1134 2905 1479 2981 concidunt7
1510 2928 1639 2990 quae
1667 2905 1890 2985 objecta
1915 2916 2053 2964 sunt
2075 2950 2090 2979 7
2118 2904 2238 2965 siv-e
2269 2923 2344 2962 ex

220 3001 445 3059 ratione
465 3045 482 3074 7
514 3000 638 3059 sive
660 3020 733 3058 ex
756 2999 939 3058 Sacris
959 3000 1211 3059 Litteris,
1234 3001 1422 3083 Atque
1446 2996 1522 3060 ad
1545 3012 1885 3081 argumenta
1907 3001 2167 3082 primum
2184 2995 2343 3080 quod

224 3095 433 3155 attinet
459 3116 530 3154 ex
553 3095 781 3154 ratione
810 3095 993 3176 petita
1022 3140 1038 3170 7
1069 3116 1142 3154 ex
1163 3095 1231 3154 iis
1254 3094 1331 3154 ad
1355 3118 1652 3156 summum
1677 3095 1786 3155 hoe
1802 3118 1989 3154 unum
2017 3093 2305 3174 colligitur
2323 3136 2340 3167 7

226 3188 385 3272 quod
414 3182 574 3247 nune
600 3190 661 3246 in
701 3190 1159 3250 controversiam
1186 3211 1310 3249 non
1338 3192 1504 3253 venit
1522 3236 1543 3265 ,
1564 3213 1732 3274 posse
1757 3191 2058 3250 hominem
2094 3186 2344 3272 propriis

220 3282 442 3345 viribus
475 3282 651 3344 fidem
695 3285 1033 3345 naturalem
1077 3283 1332 3361 habere7
1375 3307 1541 3368 spem
1575 3332 1592 3362 7
1636 3307 1895 3345 amorem
1928 3331 1945 3361 7
1999 3305 2166 3367 posse
2200 3283 2344 3340 item

224 3379 385 3442 varia
423 3399 603 3461 opera
642 3377 924 3438 naturalis
966 3379 1186 3440 ordinis
1229 3379 1546 3455 exhiberet,
1592 3381 1833 3440 minime
1875 3402 2014 3442 vero
2056 3378 2341 3461 sequitur7

227 3473 548 3555 sinegratia
563 3494 730 3555 posse
749 3473 1049 3534 hominem
1074 3475 1198 3535 haec
1213 3476 1341 3558 ipsa
1360 3486 1537 3558 prout
1555 3471 2017 3557 supernaturalia
2033 3483 2170 3534 sunt
2191 3467 2344 3531 velle

226 3579 327 3627 aut
343 3568 636 3651 perficere.
656 3567 965 3649 Implicant
987 3570 1147 3629 enim
1160 3591 1225 3629 ac
1246 3592 1307 3630 se
1328 3569 1612 3629 collidunt
1625 3569 1754 3630 duae
1786 3570 1878 3631 hae
1908 3570 2053 3631 ideae
2072 3613 2089 3644 7
2126 3581 2343 3643 nempe

226 3662 351 3723 haec
389 3683 565 3744 opera
596 3661 732 3723 solis
765 3661 1252 3727 naturae‘viribus
1282 3663 1625 3741 eliciuntur-7
1670 3677 1730 3726 et
1761 3665 1884 3727 haec
1923 3683 2098 3749 opera
2132 3676 2342 3740 super-
