2430 4056
241 230 353 290 144
912 228 915 230 ’
972 223 1185 275 τηατ(
1211 229 1280 272 bn
1322 193 1547 272 canu.

237 388 525 474 principiis
549 380 716 443 simul
738 378 953 438 collatis
972 421 988 450 7
1018 387 1141 463 tum
1167 362 1241 434 ex
1265 362 1523 433 omnium
1544 375 1723 434 ferme
1744 374 2111 455 antiquorum
2137 370 2296 430 scho-
2355 455 2358 459 .

238 486 561 545 lasticorum
582 522 598 550 7
626 473 940 556 praesertim
966 491 1101 532 vero
1119 468 1544 527 Thomistarum
1567 468 2038 555 interpretatione
2059 511 2074 540 7
2111 485 2292 546 usque

238 579 311 638 ad
351 572 693 636 Bannezium
740 562 1401 647 praedeterminationum
1447 562 1814 642 physicarum
1841 591 1876 637 7·
1905 573 1971 620 ut
2011 570 2248 622 vocatur
2275 604 2291 633 7
2340 568 2346 575 '

238 681 521 730 auctorem
543 663 646 741 (l).
680 660 766 718 Sic
792 658 947 717 enim
975 655 1747 715 intellexeruntS.Thomam
1779 658 2078 734 Cajetanus
2100 699 2115 728 7
2143 654 2297 711 Con-

240 760 432 832 radus7
461 753 785 837 Capreolus7
802 750 1097 822 Soncinas7
1119 747 1325 828 aliique
1339 747 1552 826 passim
1577 749 1693 828 (2).
1713 751 1881 825 Sane7
1899 750 2100 809 ceteris
2121 746 2297 805 omis-

235 858 337 930 sis7
366 856 662 930 Cajetanus
696 850 755 906 in
783 869 843 927 p.
882 847 934 922 17
960 866 1015 925 q.
1056 844 1153 916 19,
1182 864 1233 901 a.
1266 843 1326 916 87
1353 841 1581 902 solvens
1604 843 1861 923 'primum
1892 853 2298 923 argumentum

234 949 413 1020 Scoti7
451 944 641 1004 scribit
662 988 677 1016 7
711 942 857 999 hanc
906 937 1352 1019 propositionem
1388 958 1401 995 :
1436 937 1635 996 Causa
1679 938 1937 996 secunda
1975 947 2162 995 movet
2197 957 2300 994 seu

235 1048 361 1122 ayz't
384 1047 450 1099 in
480 1048 768 1118 quantum
810 1044 963 1091 mota
988 1054 1026 1089 a
1045 1034 1258 1110 prima
1279 1075 1295 1106 7
1320 1052 1438 1088 non
1475 1051 1638 1110 posse
1669 1028 1908 1110 intelligi
1942 1028 2014 1089 de
2046 1029 2300 1088 motione

236 1136 441 1217 praevia
490 1131 730 1212 propriae
780 1127 987 1186 actioni
1025 1145 1203 1183 causae
1252 1123 1516 1182 secundae
1578 1146 1591 1181 ε
1646 1123 1788 1183 Non
1828 1129 1989 1183 enim
2013 1168 2028 1197 7
2070 1123 2261 1204 inquit
2283 1167 2299 1198 7

236 1251 416 1288 eausa
444 1225 697 1284 secunda
719 1231 901 1279 movet
923 1220 989 1277 ob
1012 1220 1113 1277 hoo
1138 1223 1382 1297 praeoise
1406 1262 1427 1290 ‚
1458 1223 1606 1297 quia
1649 1228 1913 1276 movetur
1937 1262 1953 1290 7
1992 1218 2094 1276 sed
2121 1221 2301 1275 etiam

235 1345 304 1381 ex
340 1326 551 1379 virtute
565 1319 840 1396 propria.
885 1314 1031 1371 Hinc
1071 1323 1190 1386 est7
1226 1311 1380 1392 quod
1423 1334 1709 1393 nusquam
1743 1313 1795 1370 S.
1823 1312 2070 1370 Thomas
2107 1311 2298 1369 nomi-

234 1427 333 1474 net
370 1410 1024 1495 praedeterminationem
1045 1451 1060 1481 7
1093 1426 1200 1465 nec
1228 1405 1413 1463 ullum
1440 1405 1511 1465 de
1538 1407 1716 1485 gratia
1742 1406 2025 1487 peculiare
2052 1417 2300 1486 systema

234 1510 540 1569 confecerit
564 1507 672 1587 (3)

314 1605 447 1662 316.
499 1606 647 1660 Dum
683 1622 817 1660 vero
847 1599 1087 1659 Ecclesia
1116 1620 1147 1656 a
1173 1601 1291 1657 Deo
1312 1597 1565 1679 postulat
1584 1643 1599 1671 7
1626 1608 1692 1655 ut
1722 1598 1842 1678 ipse
1866 1596 2107 1656 rebelles
2133 1595 2206 1654 ad
2239 1616 2300 1654 se

237 1700 539 1776 compellat
560 1695 882 1755 voluntates
904 1738 919 1767 7
944 1693 1125 1773 poscit
1153 1738 1168 1766 7
1199 1703 1264 1750 ut
1300 1691 1359 1750 id
1383 1692 1589 1750 efficiat
1608 1714 1713 1773 per
1736 1693 1941 1772 gratias
1960 1737 1975 1765 7
2008 1713 2147 1772 quas
2179 1691 2302 1772 ipse

234 1793 457 1852 noverit
498 1789 740 1848 liberum
791 1810 1084 1846 assensum
1118 1808 1148 1846 a
1188 1785 1354 1844 nobis
1393 1785 1725 1845 obtenturas
1756 1832 1771 1860 7
1825 1782 2178 1845 cohaerenter
2223 1784 2299 1843 ad

234 1886 405 1944 fidem
425 1930 439 1959 7
477 1906 648 1965 quam
677 1885 796 1964 ipsa
827 1884 1127 1963 profitetur
1150 1880 1221 1939 de
1250 1880 1429 1940 libera
1465 1891 1669 1939 nostrae
1695 1880 2006 1939 voluntatis
2041 1900 2302 1960 coopera-

234 1982 386 2038 tione
418 2000 547 2037 cum
576 1978 752 2056 gratia
792 1998 928 2051 sua7
977 1996 1338 2057 quacumque
1388 1974 1626 2034 demum
1673 1976 1893 2034 ratione
1935 1975 2297 2056 propositum

235 2072 339 2131 sibi
364 2072 625 2131 effectum
654 2070 906 2129 obtineat
949 2069 1054 2151 (4).

232 2274 396 2339 sophia
434 2276 632 2335 mentia,
676 2285 789 2322 tom.
837 2284 902 2333 11,
948 2273 1218 2339 liffetaphys.

231 2373 279 2419 p.
318 2372 397 2414 m,
443 2366 552 2403 sect.
582 2372 661 2416 ιιι,
694 2374 744 2404 n.
774 2352 836 2402 60
872 2365 914 2403 et
945 2373 1074 2421 seqq.
1100 2355 1220 2402 Hinc

1379 2273 1443 2338 (3)
1480 2274 1577 2322 Cfr.
1620 2274 1777 2341 Meyer
1802 2310 1814 2333 7
1860 2291 1935 2338 op.
1983 2277 2064 2322 cit.
2099 2274 2182 2321 lib.
2226 2286 2302 2334 v17·

1308 2376 1410 2423 cap.
1462 2373 1540 2423 17.
1911 2351 1914 2353 ’

235 2438 367 2483 etiam
404 2435 713 2484 Gonetusloc.
746 2439 825 2484 cit.
858 2437 1144 2500 progreditur
1166 2453 1219 2484 ex

230 2518 458 2579 principiis
479 2517 799 2581 philosophicis
822 2518 877 2565 de
897 2522 1059 2565 natura
1074 2516 1214 2565 liber-

231 2598 330 2642 tatis
371 2596 580 2643 humanae
608 2631 623 2656 7
662 2607 714 2643 ut
756 2600 929 2645 evincat
966 2598 1219 2646 libertatem

230 2675 344 2724 bene
378 2679 617 2724 consistere
644 2694 750 2724 cum
793 2678 970 2726 decreto
998 2679 1220 2726 determi-

229 2766 385 2803 nante,
421 2755 496 2803 Sic
529 2759 667 2805 etiam
700 2757 897 2805 Thomas
934 2759 990 2806 de
1018 2758 1179 2806 Lemos
1200 2794 1215 2821 7

229 2836 396 2902 aliique
420 2839 602 2900 passim.
624 2836 690 2884 Ex
711 2838 995 2902 philosophia
1028 2840 1219 2903 applica-

230 2927 326 2964 tum
354 2917 439 2964 fuit
469 2917 555 2964 hoc
587 2920 862 2982 principium
892 2921 1026 2966 etiam
1063 2919 1218 2967 effica-

230 2998 306 3043 ciae
333 2999 482 3061 gratiae
508 2999 558 3044 in
586 2997 852 3062 Theologia.
885 2998 957 3045 Ex
978 2999 1048 3045 his
1071 2999 1217 3064 liquet

231 3084 370 3122 totam
399 3080 693 3141 quaestionem
716 3080 834 3128 hanc
856 3080 1215 3144 philosophicam

231 3157 378 3217 potius
401 3174 537 3221 quam
559 3159 853 3224 theologicam
881 3178 975 3210 esse
991 3198 1003 3221 ‚
1035 3178 1115 3209 seu
1143 3178 1217 3225 po·

233 3236 321 3281 tius
345 3235 500 3284 fuisse.
542 3237 646 3285 Haec
668 3243 789 3287 enim
818 3244 898 3289 vix
925 3260 951 3290 a
977 3244 1214 3292 recentiori

231 3312 513 3378 philosophia
531 3317 754 3368 eliminata
770 3338 864 3370 non
885 3329 1010 3371 sunt.

298 3391 369 3457 (l)
404 3393 500 3444 Cfr.
527 3395 659 3446 Hist.
687 3398 854 3465 Conqr.
896 3402 952 3450 de
978 3402 1180 3452 eumiliis
1198 3440 1213 3468 7

229 3470 334 3522 Liv.
361 3473 513 3540 Meyer
537 3513 552 3537 7
570 3487 678 3526 tom.
706 3497 753 3541 ι,
782 3481 865 3531 lib.
896 3497 1075 3548 nfeap.
1109 3501 1154 3533 1.

297 3553 360 3619 (2)
396 3553 491 3605 Cfr.
510 3555 686 3607 Lessius
698 3576 772 3624 op.
799 3564 879 3610 cit.
897 3579 1003 3629 cap.
1023 3562 1068 3624 5,
1084 3583 1135 3614 n.
1161 3581 1211 3631 7,

128 3641 131 3644 '
230 3649 360 3700 seqq.
401 3645 446 3684 et
468 3653 579 3703 cap.
609 3635 642 3686 8
665 3656 716 3688 n.
752 3638 842 3701 16,
862 3657 984 3709 seqq.

1375 2439 1435 2502 (4)
1473 2438 1571 2486 Cfr.
1591 2437 1848 2502 Dechamps
1862 2474 1875 2497 ‚
1899 2435 1978 2484 De
1995 2436 2166 2484 hoeresi
2186 2432 2304 2484 Ιαπ-

1307 2536 1410 2569 sen.
1440 2519 1524 2567 lib.
1558 2533 1615 2565 111
1635 2554 1650 2577 7
1681 2535 1780 2582 cap.
1819 2533 1846 2583 7
1877 2523 1928 2566 et
1967 2534 2059 2581 seq.
2090 2517 2172 2564 ubi
2214 2517 2304 2564 hoc

1306 2602 1427 2649 idem
1455 2609 1773 2664 argumentum
1801 2598 1859 2646 ab
1904 2598 2185 2646 orationibus
2211 2614 2291 2662 pe-

1305 2685 1440 2730 titum
1473 2691 1516 2729 et
1542 2678 1818 2745 objectuma
1854 2678 2045 2726 Calvino
2061 2689 2105 2726 et
2131 2678 2300 2727 Janse-

1304 2765 1382 2811 nio
1421 2762 1647 2811 dissolvit.
1687 2760 1782 2809 Cfr.
1811 2762 1947 2808 etiam
1984 2758 2178 2821 Daniel,
2209 2759 2301 2806 Re-

1303 2842 1430 2892 oueil
1458 2843 1514 2890 de
1557 2842 1714 2890 divers
1749 2857 1980 2905 ouvraqes
2006 2840 2297 2906 philosophi·

1302 2941 1413 2988 ques
1422 2933 1465 2971 et
1477 2923 1802 2987 theoloqiquae,
1816 2922 1937 2971 Paris
1958 2939 1973 2970 1
1986 2916 2204 2986 7247tom
2214 2957 2226 2971 .
2241 2939 2293 2981 ιι,

1311 3005 1479 3052 Troice
1494 3003 1777 3067 theoloqique
1801 3003 2025 3051 touchant
2043 3003 2297 3068 l’effioaoite

1302 3085 1358 3133 de
1393 3085 1440 3133 la
1479 3084 1634 3133 Grdoe
1652 3122 1666 3144 ‚
1694 3089 1942 3150 praesertim
1965 3103 2069 3134 vero
2089 3083 2297 3132 Seoonde

1292 3167 1480 3230 partie,
1521 3167 1583 3213 οὺ
1628 3164 1724 3213 l'on
1765 3166 1946 3232 repond
1980 3183 2047 3215 au
2069 3165 2188 3214 livre
2229 3165 2297 3212 du

1300 3242 1359 3295 P.
1396 3245 1541 3311 Serry
1557 3281 1572 3307 ‚
1599 3246 1790 3294 intitul&
1824 3264 1838 3295 ε
1869 3246 2038 3296 Schola
2074 3246 2299 3295 Thumi-s-

1300 3327 1420 3374 etica
1478 3326 1737 3375 vindicata.
1803 3327 1911 3376 Vid.
1980 3331 2114 3377 etiam
2175 3326 2294 3376 ibid.

1301 3407 1457 3454 Lettre
1484 3406 1552 3454 du
1585 3405 1650 3454 P.
1679 3406 1867 3456 Daniel
1895 3426 1962 3458 au
1988 3409 2050 3458 R.
2084 3408 2150 3457 P.
2189 3405 2297 3454 An-

1301 3488 1441 3537 tonin
1473 3485 1639 3535 Cloohe
1661 3525 1674 3548 ,
1717 3500 1760 3537 et
1795 3490 2007 3556 Reponse
2035 3506 2102 3538 au
2128 3489 2192 3538 R.
2224 3488 2294 3537 P.

1302 3565 1476 3631 Serry,
1507 3585 1600 3616 una
1630 3585 1736 3617 cum
1778 3571 1924 3619 tribus
1970 3571 2068 3619 aliis
2095 3570 2295 3634 epistolis

1301 3647 1359 3694 ad
1385 3648 1598 3698 eumdem
1630 3649 1768 3701 datis.
1803 3649 1900 3701 Cfr.
1940 3653 2076 3700 etiam
2108 3647 2295 3698 Instru-
