2540 4074
602 189 754 231 nar.
799 190 840 228 1.
867 189 1012 252 cu».
1061 174 1235 228 11.'1>13
1278 192 1500 231 eanum
1541 192 1919 232 nucessmm.
2235 176 2307 238 15

209 353 363 392 num
402 333 521 394 Dei
543 339 627 388 est
639 369 662 400 ,
695 339 751 388 et
771 333 923 390 scire
959 331 1114 408 quid
1140 334 1342 410 facere
1372 334 1686 394 debeamus
1705 379 1721 407 ‚
1752 345 1808 393 et
1837 335 2081 414 dilzjqere
2107 346 2178 395 ut
2197 341 2303 416 fa-

208 433 443 499 ciamus
463 421 584 502 (1);
620 423 838 504 pariter
854 425 1266 485 Arausicanum
1293 428 1343 487 ΙΙ
1373 449 1527 486 anno
1553 428 1668 486 529
1689 473 1706 500 ,
1733 449 1858 487 can.
1893 429 1991 486 VII
2029 451 2043 486 ε
2082 430 2307 509 Siquis

202 529 577 605 peoevssnaturoe
617 522 864 598 vzyorem
879 560 901 590 ,
929 520 1150 600 inquit,
1189 523 1409 580 honum
1444 524 1686 601 aliquid
1706 566 1729 595 ,
1762 524 1921 602 quod
1947 524 2033 582 ad
2057 525 2305 585 salutem

189 619 455 697 pertinet
474 619 606 672 vitoe
622 624 855 673 oeternoe
870 656 891 686 ,
925 619 1177 694 coyztare
1191 658 1212 687 ,
1250 627 1322 674 ut
1351 618 1612 696 expedit,
1650 628 1760 680 aut
1782 619 1986 697 eliyere
2000 661 2024 690 ,
2054 623 2173 678 sive
2206 641 2306 680 sa-

202 712 425 779 lutari,
457 709 529 770 id
558 719 641 766 est
658 711 1048 789 sevanyelzcae
1068 711 1502 789 proedzcatiom'
1537 715 1859 770 consentzre
1888 733 2055 790 posse
2091 716 2305 793 confir—

194 813 325 867 mat
373 804 594 883 absque
650 804 1095 863 illummatione
1135 814 1191 865 et
1246 807 1650 868 insm‘ffratzone
1708 806 1978 883 Spi'rztus
2024 807 2297 868 Sancti..

198 899 465 960 llaeretcco
501 898 753 976 falletur
790 903 1018 977 sperit-u
1048 897 1154 976 (2).

277 991 379 1055 28.
430 993 593 1059 Hanc
623 1014 795 1073 porro
833 991 1157 1053 doctrinam
1191 1011 1376 1052 sacras
1403 991 1624 1051 litteras
1662 990 1893 1051 tradere
1927 993 2004 1052 sic
2040 993 2304 1055 luculen-

205 1097 296 1147 ter
327 1086 648 1147 evincimus
679 1089 892 1146 :Juxta
910 1087 1269 1167 Scripturam
1296 1107 1497 1146 omnes
1523 1107 1587 1144 ac
1610 1085 1818 1165 singuli
1843 1098 2000 1146 actus
2031 1088 2303 1149 salutares

202 1181 398 1262 gratiae
423 1180 789 1243 adscribendi
826 1192 962 1242 sunt
992 1226 1008 1255 .,
1045 1182 1096 1239 si
1130 1203 1201 1240 ex
1250 1181 1456 1239 eadem
1513 1202 1618 1239 nos
1649 1181 1770 1239 sine
1809 1182 1986 1260 gratia
2017 1204 2124 1242 nec
2153 1187 2305 1263 cogi-

199 1271 323 1335 tare
342 1321 358 1352 ‚
390 1298 496 1336 nec
522 1276 671 1337 velle
689 1322 704 1350 7
733 1297 840 1335 nec
870 1276 1095 1357 operari
1119 1274 1426 1357 quidpiam
1456 1297 1761 1357 possumus
1779 1321 1794 1349 ,
1821 1298 1934 1356 quo
1957 1276 2031 1336 ad
2059 1278 2304 1337 salutem

198 1372 604 1452 perveniamus
627 1395 642 1443 ς
663 1374 787 1448 jam
814 1393 953 1432 vero
977 1369 1037 1430 id
1062 1381 1396 1430 constanter
1418 1370 1490 1429 de
1510 1369 1676 1428 nobis
1701 1370 1970 1450 praedicat
1984 1374 2297 1453 Scriptura.

198 1466 428 1525 Etenim
468 1464 544 1525 ad
572 1466 978 1544 cogitationem
1009 1465 1167 1548 quod
1213 1466 1463 1538 attinet,
1511 1466 1590 1523 sic
1638 1464 1895 1545 loquitur
1943 1467 2241 1546 Apostolus
2283 1491 2297 1526 ε

196 1560 340 1622 Non
382 1561 543 1638 quod
579 1561 921 1636 sufficientes
942 1565 1134 1621 simus
1166 1564 1420 1638 coqz'tare
1449 1560 1688 1637 aliquid
1726 1581 1765 1616 a
1806 1560 1977 1618 nohis
2023 1568 2202 1638 quasi
2235 1584 2304 1620 ea·

198 1656 369 1714 nobis
389 1679 415 1727 ,-
461 1655 564 1714 sed
589 1655 939 1732 sufficientia
970 1664 1169 1712 nostra
1203 1675 1274 1710 ea·
1294 1655 1413 1715 Deo
1438 1664 1519 1711 est
1544 1654 1634 1731 (II
1664 1654 1792 1711 Cor.
1820 1653 1897 1711 ΙΙΙ
1927 1696 1944 1726 ,
1977 1653 2068 1732 5).
2102 1655 2304 1727 Quoad

198 1748 563 1813 voluntatem
588 1759 866 1828 praeterea
905 1759 964 1806 et
1005 1749 1293 1806 actionem
1331 1747 1490 1807 idem
1521 1747 1826 1828 Apostolus
1857 1747 2059 1806 scribit
2096 1771 2109 1806 2
2140 1752 2303 1809 Deus

197 1852 311 1911 est,
339 1845 449 1918 qui
481 1853 766 1919 operatur
796 1845 864 1903 in
889 1843 1056 1899 nohis
1088 1843 1224 1899 velle
1258 1852 1313 1903 et
1328 1843 1615 1919 perficere
1646 1863 1761 1920 pro
1804 1843 1958 1900 bona
2006 1846 2303 1904 voluntate

198 1933 492 2016 (Philipp.
527 1935 606 2003 ΙΙ,
653 1934 785 2015 13).
819 1936 896 1994 Ac
935 1934 1256 1996 universim
1302 1935 1649 2016 pronunciat
1694 1957 1707 1992 :
1761 1936 1963 2013 Ipsius
2006 1937 2300 2019 (Christi)

99 2095 103 2098 ,
189 2033 439 2108 factura
473 2051 684 2089 sumus
710 2073 732 2101 ,
763 2033 950 2089 creati
977 2033 1046 2093 in
1079 2030 1309 2089 Christo
1339 2031 1486 2089 Jesa
1511 2035 1580 2088 in
1615 2032 1893 2109 operibus
1925 2033 2095 2091 honis
2114 2077 2131 2107 ,
2168 2057 2301 2113 quoe

187 2126 749 2204 proeparave’tDeus
763 2168 786 2196 ,
821 2135 893 2183 ut
916 2130 985 2185 in
1022 2126 1146 2187 illis
1177 2126 1553 2189 ambulemus
1599 2124 1856 2205 (Ephes.
1914 2128 1964 2184 II
1987 2170 1999 2191 ,
2045 2129 2180 2206 10).
2220 2131 2301 2188 Ex

196 2218 404 2301 quibus
430 2231 592 2300 patet
611 2265 627 2293 ‚
658 2242 763 2279 nos
787 2220 849 2281 in
877 2219 1082 2279 ordine
1100 2219 1175 2281 ad
1198 2231 1473 2281 aeternam
1499 2219 1748 2278 salutem
1775 2222 2094 2301 comparari
2126 2222 2296 2281 rebus

193 2336 313 2372 non
341 2313 718 2373 existentibus
737 2359 751 2388 7
777 2336 903 2395 quae
928 2314 1144 2374 scilicet
1167 2336 1239 2373 ex
1268 2314 1452 2372 nihilo
1479 2314 1804 2372 educuntur
1826 2360 1842 2389 7
1868 2326 1935 2372 ut
1963 2316 2080 2373 sint
2100 2361 2115 2388 a
2156 2315 2296 2373 subae

193 2409 403 2476 sistant
444 2420 504 2472 et
549 2419 738 2487 agant.
789 2411 924 2471 Haec
960 2421 1157 2469 autem
1211 2408 1502 2469 cohaerent
1555 2408 1766 2468 Christi
1825 2409 2001 2490 ipsius
2050 2409 2242 2473 verbis
2277 2456 2292 2484 ,

193 2507 361 2564 Joan.
393 2506 495 2579 V12
526 2503 604 2562 44
631 2527 643 2566 ;
670 2504 861 2562 Nemo
886 2514 1075 2583 potest
1101 2509 1300 2562 venire
1331 2505 1417 2562 ad
1441 2524 1533 2560 me
1545 2545 1569 2574 ,
1598 2507 1725 2561 nisi
1747 2504 1959 2573 Pater,
1987 2508 2100 2580 qui
2132 2509 2302 2562 misit

196 2621 288 2658 mc
301 2643 322 2672 ‚
341 2604 741 2660 traoeerz'teum
757 2624 783 2672 ‚·
815 2610 873 2658 et
904 2598 1045 2657 ibid.
1074 2600 1196 2673 XV,
1228 2598 1267 2656 4
1295 2609 1354 2657 et
1382 2598 1417 2655 5
1449 2619 1462 2655 ε
1503 2599 1677 2655 Sicut
1701 2599 1935 2676 palmes
1960 2619 2080 2656 non
2110 2609 2300 2676 potest

183 2696 384 2772 facere
407 2698 688 2774 fructum
716 2715 756 2751 a
787 2697 1090 2771 semetipso
1108 2739 1123 2768 ,
1154 2697 1283 2751 m'si
1313 2696 1607 2750 manserit
1645 2696 1713 2749 in
1748 2695 1897 2763 vite,
1940 2697 2026 2750 sic
2048 2713 2153 2749 ozee
2175 2713 2293 2763 vos,

193 2794 322 2847 nisi
339 2793 414 2848 in>
449 2805 540 2849 me·
564 2794 928 2849 manseritis.
961 2791 1090 2869 Eyo
1113 2810 1247 2848 sum
1274 2793 1412 2846 vitis
1431 2829 1453 2859 ,
1491 2809 1586 2846 vos
1610 2789 1888 2866 palmites
1909 2811 1932 2854 ,·
1957 2793 2071 2866 qui
2094 2797 2298 2845 manet

191 2887 260 2941 in
296 2905 388 2942 me
415 2929 432 2959 ,
473 2895 526 2942 et
561 2905 658 2970 eqo
699 2891 768 2945 in
798 2908 858 2945 eo
878 2929 903 2958 ,
934 2885 1030 2942 hio
1056 2887 1183 2963 sert
1216 2885 1495 2962 fructum
1535 2883 1832 2947 multam„-
1875 2887 2022 2959 quia
2049 2886 2178 2939 sine
2201 2903 2292 2939 me

194 2980 355 3046 nihil
366 2986 608 3061 potestis
628 2985 849 3061 facere.
877 2983 1066 3055 Quare
1090 2979 1200 3037 nisi
1226 2980 1441 3058 jugiter
1462 2978 1721 3036 Christus
1751 2977 1929 3059 gratia
1956 2998 2055 3035 sua
2083 2988 2293 3059 praesto

191 3072 268 3135 sit
285 3071 506 3139 homini
526 3120 543 3149 ,
561 3075 707 3136 nihil
727 3077 968 3138 omnino
988 3074 1165 3133 homo
1189 3094 1258 3133 ex
1278 3094 1338 3132 se
1364 3083 1556 3154 potest
1571 3082 1671 3130 aut
1689 3071 1933 3150 cogitare
1948 3116 1965 3144 ,
1990 3083 2090 3130 aut
2118 3071 2288 3146 velle,

194 3176 294 3224 aut
318 3170 574 3246 operari,
603 3171 763 3251 quod
802 3170 1051 3230 salutare
1080 3170 1176 3228 sit.
1212 3169 1445 3249 Optime
1475 3177 1776 3248 propterea
1817 3168 1872 3225 S.
1904 3167 2252 3245 Augustinus
2271 3212 2287 3241 ‚

193 3259 318 3319 haec
346 3260 556 3323 Christi
584 3265 760 3326 verba
783 3275 1210 3338 commentam,
1237 3264 1318 3322 ait
1357 3263 1523 3320 :Sive
1542 3282 1775 3339 parum
1801 3305 1816 3334 ,
1849 3263 1968 3319 sive
2001 3263 2288 3337 multum,

192 3357 322 3414 sine
349 3358 448 3415 illo
484 3359 624 3443 fieri
656 3365 780 3420 mm
813 3371 1003 3447 potest
1019 3403 1040 3433 ,
1082 3364 1209 3419 sine
1242 3379 1355 3439 quo
1395 3357 1555 3416 nihil
1578 3358 1720 3436 fieri
1744 3366 1933 3436 potest
1980 3355 2089 3434 (3).
2139 3356 2287 3415 Hinc

199 3545 203 3549 ’
258 3558 330 3623 (ι)
367 3559 487 3614 uois.
514 3560 607 3617 σοι,
640 3561 788 3617 1218.
1341 3560 1407 3626 (3)
1454 3560 1875 3624 Tract.1.xxx.1,in
1889 3557 2171 3614 Joan.n,.43.

257 3640 324 3706 (2)
360 3640 485 3692 lbidf
509 3652 623 3694 tom.
650 3659 720 3706 11,
749 3643 838 3700 cot
874 3659 1021 3712 1099.
