2430 4056
661 158 854 200 TBAGT·
899 159 967 195 DE
1008 158 1386 202 §annuamus
1428 165 1488 203 m
1528 164 1766 203 anulum.

169 134 287 195 382

251 299 384 360 188.
433 297 650 379 Inquiri
683 308 963 379 praeterea
1002 298 1149 358 solet
1171 342 1188 373 ,
1228 303 1463 365 num—in
1501 314 1656 363 statu
1696 304 1834 383 legis
1879 315 2100 366 naturae
2126 318 2248 370 tam

165 395 359 477 pueris
391 412 566 474 quam
595 390 806 459 adultis
839 391 1034 475 aliquo
1066 392 1323 453 sensibili
1359 394 1522 475 signo
1555 398 1728 461 fuerit
1764 397 2048 479 applicata
2071 401 2248 479 fides,

165 512 279 571 qua
308 488 392 547 illi
422 485 496 549 ab
531 486 792 565 originali
827 496 1058 568 peccato
1083 532 1099 561 ,
1129 488 1225 547 isti
1260 500 1540 570 praeterea
1581 513 1614 557 a
1649 495 1893 574 peccatis
1933 495 2250 557 actualibus

163 583 320 644 ablui
354 602 418 640 ac
450 581 787 641 sanctificari
831 582 1148 662 potuerint.
1193 582 1396 655 Quoad
1444 583 1672 646 adultos
1703 588 1850 647 fere
1872 609 2085 654 omnes
2116 611 2248 653 con-

161 677 441 750 veniunt,
491 687 590 734 aut
621 697 727 757 per
766 697 962 757 preces
999 688 1100 737 aut
1140 698 1243 757 per
1266 678 1537 744 sacrificia
1575 699 1692 739 una
1717 701 1849 741 cum
1878 683 2246 744 interioribus

161 770 623 854 dispositionibus
650 791 745 829 eos
765 771 1036 852 consequi
1061 772 1312 852 potuisse
1330 773 1726 832 remissionem
1749 789 2113 855 peccatorum
2131 780 2240 859 (l).

160 870 371 927 Verum
401 864 590 947 quoad
612 886 819 946 pueros
849 886 939 924 res
967 864 1133 925 valde
1163 866 1382 924 incerta
1413 878 1531 939 est3
1561 887 1693 925 cum
1715 869 2018 950 Scripturae
2052 872 2246 932 dehoc

157 961 412 1022 remedio
442 960 514 1019 ad
550 959 856 1019 delendam
887 961 949 1017 in
976 960 1112 1041 ipsis
1143 960 1509 1038 originariam
1532 959 1726 1020 labem
1755 964 1986 1041 penitus
2011 967 2241 1044 sileant,

156 1059 355 1117 Patres
389 1077 526 1116 vero
554 1055 618 1112 in
648 1053 900 1115 diversas
926 1053 1139 1113 abeant
1163 1055 1496 1113 sententiaS.
1530 1057 1697 1115 Certe
1724 1057 2107 1119 Tertullianus
2121 1063 2242 1143 (2),

156 1155 211 1211 S.
253 1150 554 1230 Gregorius
587 1151 663 1207 M.
697 1149 783 1230 (3)
815 1160 873 1207 et
908 1150 963 1207 S.
1012 1149 1333 1208 Bernardus
1372 1149 1463 1229 (4)
1497 1162 1880 1226 censuerunt,
1922 1175 2028 1234 per
2060 1157 2244 1215 solam

143 1256 478 1326 pareutum
512 1245 690 1323 fidem
727 1243 943 1324 absque
985 1243 1240 1302 sensibili
1277 1243 1552 1325 peculiari
1581 1246 1743 1324 signo
1780 1246 2050 1327 parvulos
2074 1249 2245 1310 fuisse

146 1341 517 1419 justificatos3
562 1338 655 1396 alii
697 1348 893 1397 autem
933 1337 1285 1413 docuerunt,
1325 1338 1502 1397 etiam
1538 1338 1858 1399 infantibus
1896 1362 2039 1422 opus
2069 1342 2242 1403 fuisse

151 1437 226 1495 ad
242 1434 712 1514 justificationem
750 1433 943 1515 aliquo
985 1444 1224 1492 externo
1254 1435 1656 1508 Sacramento,
1688 1446 1754 1493 ut
1780 1437 1835 1494 S.
1870 1438 2236 1515 AugustinuS.

151 1534 210 1590 S.
237 1533 481 1589 Thomas
504 1530 756 1611 priorem
779 1516 1126 1588 sententiam
1141 1527 1589 1609 probabiliorem
1617 1529 1933 1589 arbitratur
1947 1531 2057 1612 (5).
2082 1532 2241 1592 Nihil

148 1626 393 1708 proinde
421 1625 560 1683 certi
599 1624 870 1682 constitui
907 1644 1075 1704 posse
1109 1622 1355 1682 videtur.
1822 1678 1827 1680 s

232 1721 366 1779 189.
415 1722 483 1776 In
504 1730 656 1777 statu
672 1718 807 1798 legis
829 1718 1056 1798 scriptae
1075 1761 1091 1790 ,
1121 1716 1198 1776 ad
1219 1739 1395 1796 quam
1418 1717 1666 1777 refertur
1692 1719 2042 1779 circumcisio
2058 1766 2075 1796 .,
2107 1720 2242 1782 licet

148 1912 362 1961 arborem
394 1913 505 1962 vitoe
534 1948 547 1970 ‚
590 1910 842 1958 sabbatum
865 1946 878 1969 ‚
932 1908 1149 1957 arborem
1234 1908 1296 1955 let
1323 1925 1449 1972 aqua
1489 1910 1791 1974 baptismatis
1811 1949 1825 1970 ‚
1857 1911 1943 1959 Ῐιοο
1979 1915 2077 1976 eqit
2105 1915 2239 1980 apud

143 1995 356 2042 scientim
386 1986 501 2041 boni
528 2001 571 2039 et
597 1991 733 2039 mali.
769 1989 818 2038 Si
852 1992 956 2055 quis
989 1992 1144 2053 cupiat
1231 1997 1404 2036 veteres
1420 1990 1495 2037 vel
1510 2008 1602 2054 pro
1610 1992 1838 2056 parvulis
1858 1991 1957 2040 sola
1973 1993 2096 2055 fides
2111 2029 2127 2055 ,
2158 1995 2236 2043 vel

144 2076 341 2123 ulterius
386 2076 646 2139 inquirere,
697 2082 851 2119 utrum
882 2071 1030 2119 forent
1061 2069 1146 2117 Sa—

143 2166 372 2204 cramenta
407 2155 559 2220 quoad
595 2163 796 2217 posteros
824 2151 933 2198 Adae
958 2188 971 2210 ‚
994 2153 1028 2198 si
1048 2154 1145 2214 ipse

143 2253 237 2284 non
268 2245 512 2300 peccasset,
530 2234 741 2282 consulat
754 2232 980 2296 Vasquez,
1004 2229 1075 2277 Iu
1090 2247 1142 2277 ιιι

132 2334 187 2382 p.
216 2315 275 2365 S.
302 2317 393 2364 Th.
414 2326 527 2364 tom.
564 2333 631 2377 ιι,
671 2314 790 2379 disp.
823 2314 914 2362 130
942 2349 958 2376 ‚
989 2328 1089 2377 cap.
1110 2328 1137 2358 2

140 2408 185 2447 et
205 2416 334 2464 seqq.

203 2478 273 2543 (l)
310 2479 417 2527 Dixi
442 2495 455 2526 :
486 2478 609 2525 Fere
634 2492 793 2524 omues
817 2477 1105 2523 conveniunt
1117 2492 1137 2534 ‚-

139 2579 246 2608 nam
283 2561 577 2607 nondesunt
610 2577 663 2607 ex
707 2557 947 2621 Theologis
991 2554 1135 2603 Scho-

137 2643 303 2690 lasticis
329 2679 342 2701 ‚
372 2644 451 2706 qui
482 2641 673 2688 inficiati
704 2641 874 2687 fuerint
892 2676 906 2698 ,
935 2640 1135 2686 extitisse

136 2719 423 2771 Sacramenta
454 2724 503 2769 in
541 2730 661 2769 statu
695 2721 804 2785 legis
834 2729 1007 2767 naturae
1028 2755 1041 2777 ,
1080 2727 1132 2766 ut

135 2795 274 2853 Dom.¹
307 2803 415 2852 Soto
437 2841 450 2863 ‚
471 2803 692 2851 Ledesma
711 2839 724 2861 ,
742 2801 989 2849 Durandus
1010 2800 1131 2865 apud

134 2884 356 2951 Vasquez‚
372 2886 462 2934 loc.
484 2888 557 2933 cit.
582 2894 668 2933 art.
692 2883 746 2946 3,
761 2883 929 2949 quibus
945 2884 1132 2931 accessit

135 2964 338 3032 Vasquez
352 2970 461 3031 ipse.

200 3047 268 3110 (2)
306 3047 414 3095 Lib.
438 3047 494 3094 de
517 3047 666 3112 Bapt.
685 3061 789 3110 cap.
816 3043 874 3093 13
896 3081 910 3105 ‚
942 3043 1128 3092 ubit-es-

130 3128 335 3192 pondens
359 3128 617 3176 difficultati
642 3127 727 3174 sibi
745 3128 985 3191 propositae
1015 3143 1127 3174 con-

129 3218 196 3256 tra
241 3212 547 3258 necessitatem
586 3208 800 3273 baptismi
833 3243 848 3267 ,
886 3225 938 3256 eo
999 3207 1126 3273 quod

129 3291 255 3354 prius
284 3292 402 3337 satis
438 3292 572 3339 fuerit
615 3291 726 3338 fides
754 3306 769 3338 ε
798 3289 1007 3348 Fuerit,
1047 3292 1122 3338 in-

129 3373 230 3437 quit
241 3408 254 3429 ‚
273 3369 402 3418 salus
413 3380 533 3420 retro
543 3388 634 3437 per
651 3371 797 3435 fidem
812 3370 996 3419 nudam
1012 3379 1122 3419 aute

126 3452 342 3502 Domini
354 3455 1110 3519 passionemetresurrectiouem.

199 3535 263 3598 (3)
300 3533 484 3584 Moral.
514 3534 600 3584 lib.
636 3554 709 3595 w,
744 3554 848 3601 cap.
890 3535 939 3585 3.
976 3536 1119 3602 Cujus

127 3616 264 3666 verba
291 3616 387 3666 hec
414 3626 523 3665 sunt
546 3635 564 3664 .·
592 3616 737 3685 Quod
763 3618 895 3683 apud
922 3634 1011 3667 uos
1038 3635 1116 3668 va·

1220 2085 1314 2133 'pro
1341 2071 1606 2134 masoribus
1634 2073 1787 2120 virtus
1816 2074 2068 2136 sacrificii.

1297 2150 1361 2213 (4)
1400 2151 1550 2199 Tract.
1578 2155 1658 2200 De
1678 2153 1871 2216 Raptis.
1894 2171 1996 2217 cap.
2023 2171 2040 2201 1
2065 2192 2078 2214 ‚
2109 2173 2160 2203 n.
2176 2154 2224 2219 4.

1227 2230 1295 2278 In
1320 2232 1598 2278 nationibus
1619 2269 1631 2290 ‚
1674 2235 1828 2297 inquit
1845 2271 1858 2292 ,
1895 2241 2120 2298 quotquot
2146 2238 2227 2283 in-

1224 2314 1360 2361 venti
1375 2321 1490 2359 sunt
1503 2312 1666 2375 fideles
1691 2349 1705 2376 ‚
1722 2313 1907 2364 adultos
1919 2316 2111 2380 quidem
2128 2318 2226 2382 fide

1223 2404 1267 2443 et
1285 2396 1541 2459 sacrificiis
1571 2395 1811 2444 credimus
1832 2400 2047 2463 expiatos
2060 2433 2078 2462 ‚
2103 2416 2223 2465 par·

1221 2477 1346 2525 vulis
1384 2486 1543 2525 autem
1583 2477 1730 2525 solam
1767 2480 2032 2545 profuisse,
2065 2483 2162 2530 imo
2180 2489 2224 2530 el

1219 2560 1459 2625 suffecisse
1477 2568 1737 2625 pareutum
1758 2561 1923 2623 fidem.

1288 2640 1358 2703 (5)
1379 2640 1496 2687 Nam
1516 2637 1641 2688 Inlv
1669 2638 1800 2691 Seut.
1819 2642 1928 2691 dist.
1946 2659 1963 2690 1
1983 2680 1996 2702 ,
2014 2661 2065 2709 q.
2090 2659 2119 2690 2
2138 2680 2152 2704 ,
2172 2663 2218 2694 a.

1217 2721 1267 2782 6,
1298 2722 1455 2769 scribit
1477 2739 1491 2769 :
1518 2719 1736 2785 Quidam
1763 2721 1960 2785 dieunt,
1989 2724 2114 2788 quod
2125 2742 2222 2773 uon

1221 2803 1484 2868 sufficiebat
1497 2803 1621 2867 fides
1643 2805 2221 2871 siueprotestationefidei

1209 2883 1342 2948 facta
1363 2901 1454 2949 per
1481 2884 1678 2950 aliquod
1717 2889 1925 2935 exterius
1954 2888 2210 2952 siquam...

1215 2965 1298 3012 sed
1321 2967 1439 3029 quia
1476 2965 1562 3015 boc
1610 2983 1708 3015 nou
1737 2967 1928 3016 videtur
1957 2985 2217 3017 consonare

1211 3062 1319 3094 cum
1349 3047 1505 3095 verbis
1536 3049 1827 3114 Greqorii...
1853 3050 1958 3098 ideo
1983 3049 2076 3098 alii
2098 3066 2216 3116 pro-

1209 3127 1423 3176 babilius
1467 3129 1666 3191 dicum,
1701 3132 1826 3196 quod
1842 3132 2065 3198 parvulis
2082 3133 2214 3198 suffi-

1207 3209 1363 3259 ciebat
1401 3211 1500 3259 sola
1534 3213 1655 3276 fides
1682 3215 1789 3262 siue
1830 3215 1964 3263 omni
1990 3215 2217 3262 exteriori

1214 3294 1372 3356 siquo.
1432 3293 1567 3359 Hugo
1625 3295 1891 3345 Victorinus
1929 3333 1943 3356 ,
1988 3293 2212 3356 Summa,

1208 3384 1341 3423 tract.
1371 3392 1454 3435 111,
1498 3392 1603 3441 cap.
1637 3392 1652 3423 1
1680 3414 1694 3437 ‚
1726 3380 1935 3437 ‘censuim
1971 3380 2112 3426 etiam
2128 3394 2210 3443 pro

1204 3458 1405 3522 parvulis
1426 3453 1684 3508 necessaria
1721 3461 1861 3511 fuisse
1895 3459 2205 3510 Sacramenta.

1206 3538 1305 3588 Cfr.
1335 3550 1449 3589 tom.
1475 3555 1555 3603 m,
1583 3541 1663 3590 fol.
1688 3539 1803 3592 205.
