2540 4074
539 213 698 250 mar.
742 213 784 249 1.
833 212 951 250 car.
997 213 1079 251 ιι(
1108 213 1175 248 ΒΕ
1219 213 1441 250 enum:
1484 201 1860 250 uncasswm'a.
2202 191 2280 250 59

272 353 407 412 109.
435 353 599 412 Ratio
630 371 806 429 vero7¹
835 372 948 433 qua
978 352 1186 434 triplex
1219 353 1501 412 evertitur
1524 374 1683 411 error
1701 397 1716 426 7
1757 371 1932 434 quem
1961 350 2056 410 hic
2082 352 2280 433 impu—

195 448 542 527 gnavimus·7
569 445 788 526 petitur
815 466 886 504 ex
902 444 1149 506 falsitate
1167 446 1532 505 fundamenti
1551 492 1569 522 7
1591 468 1661 505 ex
1679 468 1793 528 quo
1806 444 2047 526 profluit
2070 445 2281 505 adver-

189 541 467 626 sariorum
486 550 736 619 systema
755 563 770 612 .·,
792 538 921 598 ideo
944 541 1099 598 enim
1115 540 1426 600 adversarii
1445 552 1658 619 negant
1678 586 1694 615 7
1722 541 2024 623 quidpiam
2036 541 2160 600 veri
2179 551 2281 599 aut

185 634 333 694 'boni
377 638 436 691 in
480 632 683 692 ordine
718 633 969 692 naturali
999 656 1061 693 ac
1102 634 1334 693 moralis
1373 634 1689 693 honestatis
1715 656 1881 716 posse
1914 635 2175 714 cognosci
2205 632 2279 692 ab

189 728 429 787 homine
475 727 636 808 lapso
663 772 678 801 7
715 739 817 786 aut
856 729 1051 809 perfici
1074 729 1206 787 solis
1229 740 1451 788 naturae
1485 727 1735 801 viribus7
1769 729 1902 809 quia
1943 728 2281 807 originalem

180 822 467 901 justitiam
513 842 645 880 cum
685 822 1028 903 privilegiis7
1087 843 1212 904 quae
1263 823 1452 903 ipsam
1510 822 1972 892 comitabantur,
2020 822 2281 882 debitam

184 915 363 984 fuisse
401 915 671 974 humanae
717 928 936 976 naturae
995 938 1059 976 ac
1098 922 1217 995 ejus
1255 929 1485 998 partem
1541 917 1900 975 constituisse
1953 929 2278 976 autumant.

187 1011 309 1069 Hac
329 1030 437 1092 per
464 1021 767 1092 peccatum
795 1013 998 1070 amissa
1021 1056 1036 1078 7
1066 1033 1422 1092 consequens
1445 1032 1564 1069 esse
1593 1010 1980 1085 contendunt7
2009 1014 2281 1070 amissam

181 1105 403 1187 pariter
437 1126 559 1164 esse
612 1127 675 1164 ac
710 1128 942 1188 prorsus
979 1105 1230 1164 deletam
1273 1106 1585 1185 imaginem
1635 1106 1777 1178 Dei7
1823 1127 1930 1164 nec
1971 1117 2281 1187 propterea

137 1230 140 1233 >
185 1199 484 1281 quidpiam
539 1211 639 1258 aut
674 1221 1008 1280 cognoscere
1050 1212 1151 1258 aut
1187 1200 1338 1267 *velle
1372 1211 1471 1258 aut
1510 1199 1701 1258 moliri
1748 1200 2047 1259 hominem
2081 1222 2279 1282 posse,

169 1292 400 1376 ‘absque
430 1297 876 1377 superveniente
918 1296 1109 1375 gratiae
1151 1294 1437 1371 subsidio,
1482 1297 1656 1354 etiam
1703 1296 1766 1353 in
1808 1296 2011 1355 ordine
2051 1296 2276 1355 morali.

182 1389 306 1448 Hoc
353 1400 549 1449 autem
587 1391 937 1471 principium
968 1389 1176 1448 falsum
1213 1401 1300 1448 est
1333 1435 1349 1464 7
1380 1401 1446 1448 ut
1481 1412 1583 1448 suo
1620 1389 1745 1449 loco
1774 1391 2132 1449 ostendimus
2169 1391 2276 1471 (l).

182 1485 328 1563 Ergo
361 1483 517 1544 falsae
551 1485 724 1544 etiam
767 1496 905 1543 sunt
947 1483 1220 1543 doctrinae
1247 1529 1263 1558 7
1320 1506 1450 1566 quae
1496 1484 1657 1542 illinc
1694 1483 2082 1543 deducuntur.
2131 1486 2282 1544 Hinc

182 1578 454 1658 praeclare
482 1581 540 1637 S.
573 1579 921 1657 Augustinus
947 1601 961 1636 z
996 1580 1159 1658 Quia
1175 1622 1195 1650 ,
1215 1580 1430 1660 inquit,
1462 1601 1583 1637 ozon
1606 1600 1789 1657 usque
1813 1580 1955 1637 adeo
1981 1584 2050 1637 in
2067 1583 2283 1638 anima

182 1672 454 1732 hamana
496 1678 692 1754 imaqo
717 1676 837 1732 Dei
861 1685 1232 1731 terrenorum
1263 1675 1585 1752 affectuum
1627 1675 1759 1732 labe
1799 1676 2020 1732 detrita
2062 1686 2178 1746 est,
2215 1685 2287 1731 ut

184 1770 353 1825 nulla
395 1773 465 1825 in
489 1790 558 1826 ea
585 1770 741 1826 velut
761 1770 1121 1826 lincamenta
1140 1780 1400 1826 ea'trema
1426 1756 1861 1840 remanserint,
1889 1770 2048 1827 uncle
2074 1773 2283 1827 merito

181 1862 533 1940 dz'cz’possit7
565 1866 745 1919 etiam
776 1868 844 1919 in
886 1866 1022 1940 ipsa
1049 1867 1348 1939 impietate
1389 1867 1524 1921 vitae
1565 1884 1689 1921 succ
1722 1867 1922 1941 facere
1957 1866 2167 1942 aliqua
2202 1866 2284 1921 le-

173 1960 272 2036 92'3
298 1957 389 2014 vel
419 1977 622 2035 sapere
653 1954 758 2036 (2).
790 1957 848 2013 S.
883 1956 1197 2035 Augustino
1228 1958 1594 2015 consentiens
1619 1959 1675 2015 S.
1717 1957 1965 2016 Thomas
1993 2003 2008 2032 7
2038 1957 2237 2016 scribit
2263 1980 2277 2015 :

90 2038 93 2040 ¹
187 2050 360 2129 Quia
383 2061 583 2108 tamen
616 2061 847 2108 natura
869 2050 1140 2108 humana
1169 2073 1283 2131 per
1293 2062 1610 2131 peccatam
1637 2074 1756 2111 noa
1780 2063 1863 2110 est
1880 2055 2137 2111 totaliter
2163 2074 2286 2112 cor-

98 2138 103 2142 *
178 2156 399 2225 rupta,
446 2148 768 2204 utscilicet
808 2155 918 2204 tcto
966 2147 1113 2205 hono
1149 2158 1388 2205 naturoe
1427 2152 1709 2227 privetur
1745 2193 1760 2222 7
1810 2159 1998 2227 potest
2042 2150 2284 2227 quidem

177 2245 355 2317 etiam
383 2245 453 2298 in
486 2252 647 2299 statu.
689 2251 927 2298 nataroe
962 2253 1254 2319 corrupta*
1281 2264 1397 2322 per
1428 2248 1708 2301 virtatem
1739 2266 1864 2302 succ
1894 2255 2134 2303 natura>
2159 2246 2281 2301 alz‘-

178 2338 339 2414 quod
362 2337 585 2394 honum
598 2339 980 2416 particulare
1005 2360 1248 2418 affere...
1290 2361 1409 2397 nort
1445 2351 1645 2398 tamen
1684 2351 1867 2399 totu-m
1903 2343 2124 2399 honum
2165 2341 2292 2398 sihi

127 2451 131 2455 ·
176 2434 600 2503 connaturale,
636 2439 724 2490 ita
764 2434 926 2511 quod
968 2437 1034 2491 in
1074 2436 1238 2492 nullo
1280 2436 1514 2511 deficiat
1539 2458 1561 2501 ,⁶
1597 2440 1754 2493 sicat
1797 2436 1964 2497 homo
2000 2437 2284 2515 infirmus

168 2538 354 2605 potest
374 2549 492 2606 per
522 2531 784 2605 seipsum
817 2529 1078 2606 aliquem
1124 2539 1349 2586 motum
1377 2530 1590 2587 hahere
1611 2575 1625 2604 7
1655 2552 1774 2587 non
1810 2541 2007 2588 tamen
2028 2534 2286 2609 perfecte

170 2630 355 2706 potest
386 2625 611 2681 moveri
658 2632 823 2680 motu
873 2623 1134 2681 hominis
1179 2628 1323 2682 sani
1347 2668 1363 2698 7
1415 2628 1545 2682 nisi
1583 2635 1835 2683 sanetur
1879 2626 2113 2684 auritio
2163 2647 2286 2683 me-

174 2716 392 2774 dicinae
425 2717 533 2797 (3).

245 2907 310 2970 (1)
345 2905 444 2955 Csr.
465 2906 616 2956 Traot.
636 2905 706 2956 De
726 2906 830 2956 Deo
846 2916 989 2956 creat.
1006 2924 1055 2956 n.
1078 2905 1175 2959 550
1259 2918 1382 2973 patet
1403 2945 1416 2969 7
1434 2927 1460 2956 a
1477 2907 1528 2957 S.
1548 2908 1787 2973 Augustini
1815 2908 2020 2962 doctrina
2038 2913 2278 2960 recessisse

177 2997 220 3036 et
245 3004 377 3053 seqq.
1258 2987 1443 3055 Baium,
1463 2994 1542 3056 qui
1556 2973 1908 3056 inprop.'xx111³
1948 2994 2104 3039 asserit
2124 3009 2137 3039 :
2160 2989 2285 3040 Cum

245 3069 306 3132 (2)
342 3069 448 3117 Lib.
500 3071 580 3117 cit.
633 3068 711 3117 De
762 3072 940 3136 spiritu
990 3080 1037 3118 et
1081 3071 1174 3122 litt.
1260 3071 1465 3135 Pelaqio
1514 3073 1728 3119 sentiunt
1749 3109 1762 3129 ‚
1812 3075 1901 3136 qai
1942 3063 2119 3121 tertam
2150 3073 2285 3140 Apo-

176 3166 280 3215 cap.
316 3147 412 3210 287
453 3168 501 3199 n.
537 3147 632 3214 48,
668 3151 749 3199 ubi
789 3153 1046 3200 notandum
1078 3165 1177 3214 est,
1265 3153 1381 3202 stoli
1397 3154 1462 3201 ad
1482 3154 1621 3201 Rom.
1650 3171 1666 3200 1
1701 3170 1714 3201 :
1743 3153 1949 3214 Gentes,
1984 3173 2091 3220 quae
2110 3155 2283 3220 leqcm,

175 3231 401 3280 adducere
451 3231 500 3287 S.
552 3233 793 3282 Ductorem
840 3236 890 3282 in
936 3235 1188 3285 confirma·
1266 3245 1355 3284 etc.
1386 3234 1659 3299 intelliqunt
1689 3235 1746 3284 de
1780 3237 2001 3299 qentibus
2021 3238 2143 3302 fidei
2166 3255 2282 3303 qra-

175 3314 354 3376 tionem
383 3310 524 3378 hujus
540 3315 772 3363 ‘doct-rinae
788 3315 926 3364 verba
945 3314 1183 3381 Apostoli:
1267 3319 1386 3365 tiam
1417 3334 1517 3365 non
1544 3316 1852 3366 habentibus.

183 3392 363 3441 Gentes
382 3410 523 3459 ‚quw
538 3393 681 3463 lejem
696 3412 792 3444 mm
815 3395 1017 3459 habent,
1041 3408 1184 3447 natu·
1335 3398 1402 3462 (3)
1447 3399 1490 3445 1³
1531 3400 1618 3460 πω,
1644 3418 1694 3466 q.
1739 3416 1831 3466 ¹⁰9
1851 3438 1864 3460 ‚
1899 3419 1942 3450 a.
1979 3417 2026 3450 2.

176 3474 340 3523 raliter
367 3493 472 3542 quoe
513 3476 630 3540 [θρῖα
664 3487 777 3527 sunt
809 3479 1020 3542 faciunt.
1054 3472 1187 3530 Unde
