2430 4056
212 170 331 229 240
722 172 727 177 ¹
957 160 1150 219 irasc-r.
1198 181 1265 218 mi
1309 178 1540 220 annu.

210 341 346 390 sunt
395 349 521 410 spes
545 370 561 400 ‚
609 321 908 394 contritio7
947 319 1328 401 poenitentia3
1369 330 1478 384 etc.
1513 318 1579 379 30
1624 317 1791 393 Quod
1836 318 1979 377 fides
2001 362 2017 393 ,
2058 340 2186 400 quae
2215 323 2282 380 ‘in

210 421 506 504 hypothesi
544 415 1002 477 adversariorum
1033 413 1332 490 justificat,
1354 413 1428 469 sit
1449 415 1666 491 fiducia
1695 413 1789 471 illa
1809 419 1831 486 a*
1865 434 1983 493 qua
2008 414 2135 493 quis
2174 407 2281 495 pro

211 528 360 576 certo
397 512 569 570 habet
592 555 608 585 ‚
653 509 759 567 sibi
793 509 1069 588 imputari
1096 506 1378 585 justitiam
1407 505 1618 565 Christi
1643 553 1658 581 .,
1691 507 1904 589 dimitti
1945 518 2202 587 peccata,
2225 506 2285 565 id

210 618 327 680 est',
352 615 712 688 peccatorum
743 601 1009 682 poenam⁷
1040 612 1096 659 et
1125 621 1184 658 se
1214 600 1274 656 in
1312 598 1522 656 Christi
1544 610 1610 658 ut
1644 601 2014 659 innocentem
2062 611 2121 658 et
2156 622 2285 658 san-

207 713 361 761 ctum
401 697 641 778 spectari
690 717 722 753 a
759 698 906 769 De0‚
954 694 1061 753 etsi
1096 704 1325 774 peccata
1378 692 1570 750 omnia
1616 693 1776 753 intus
1825 695 2017 775 quoad
2056 693 2287 775 culpam

204 802 580 875 permaneant
611 815 626 862 ς
661 790 722 848 in
762 788 1020 847 doctrina
1061 809 1198 848 vero
1226 786 1502 845 catholica
1533 785 1710 858 fides,
1738 809 1865 869 quae
1904 800 1988 852 est
2023 789 2284 864 initium,

204 886 647 944 fundamentum
687 895 744 940 et
774 883 933 941 radix
975 882 1160 940 omnis
1190 881 1611 959 justificationis
1625 923 1645 951 ,
1676 879 1764 938 sit'
1791 883 1991 941 firmus
2020 903 2286 942 assensus

205 979 279 1038 ad
309 1001 372 1038 ea
410 979 596 1037 omnia
620 1023 634 1051 ·,
670 1000 796 1059 quae
834 977 1109 1035 divinitus
1154 975 1406 1035 revelata
1442 985 1595 1032 sunt.
1646 975 1918 1034 Nostrum
1955 977 2126 1055 igitur
2159 987 2283 1050 est,

205 1084 319 1131 tres
349 1084 710 1139 enumeratas
733 1071 1002 1130 veritates
1030 1068 1324 1129 adstruere
1345 1115 1359 1144 ,
1391 1090 1454 1127 ac
1492 1066 1753 1127 refellere
1796 1068 2041 1128 totidem
2073 1069 2290 1128 eisdem

205 1166 573 1229 adversantes
606 1186 843 1223 erroreS.

999 1356 1400 1409 PROPOSITIO
1439 1355 1481 1406 I.

205 1512 281 1571 In
304 1512 517 1568 adultis
549 1511 1113 1588 adjustificationem
1146 1510 1599 1589 consequendam
1625 1515 1838 1588 aliquae
1865 1520 2091 1589 proeter
2114 1511 2284 1587 fidem

284 1607 677 1684 dispositiones
710 1611 1273 1684 proerequiruntur,
1302 1627 1401 1663 seu
1427 1610 1546 1662 sola
1579 1605 1726 1680 fides
1754 1625 1873 1662 ozon
1905 1606 2206 1683 justificat.

289 1822 424 1879 524.
501 1823 595 1879 Est
653 1819 723 1878 de
774 1819 886 1880 fide
952 1820 1069 1879 haec
1111 1820 1427 1901 propositio
1447 1865 1462 1894 .‚
1524 1842 1700 1900 quam
1764 1819 2087 1879 Concilium
2127 1818 2284 1880 Trid.

206 1917 466 1976 definivit
485 1962 499 1989 .,
519 1936 650 1973 sess,
680 1916 754 1973 Vl
784 1960 799 1988 7
830 1937 952 1973 can.
990 1918 1096 1989 IX,
1135 1915 1225 1972 his
1249 1914 1438 1973 verbis
1471 1936 1484 1971 ε
1522 1917 1584 1973 St
1605 1920 1738 1993 quis
1762 1916 1980 1973 dixerit
1998 1960 2012 1988 ‚
2033 1921 2154 1972 sola
2170 1915 2290 1992 fide

207 2016 453 2088 impium
472 2010 828 2086 justificari,
866 2013 952 2067 ita
995 2020 1059 2067 uc
1097 2011 1414 2087 intelligat,
1447 2011 1600 2066 nihil
1633 2010 1806 2067 aliud
1839 2013 2103 2087 requiri,
2130 2009 2292 2087 quod

206 2105 290 2161 ad
307 2104 751 2181 justificationis
772 2108 1028 2182 qratiam
1059 2103 1517 2180 consequendam
1546 2113 1912 2181 cooperetur,
1945 2114 1999 2161 et
2031 2108 2198 2161 nulla
2220 2124 2292 2161 esc

198 2209 373 2275 parte
415 2218 634 2254 necesse
670 2219 780 2254 esse
805 2242 819 2269 7
855 2220 989 2255 eum
1024 2220 1142 2256 suoe
1181 2202 1495 2256 voluntatis
1537 2209 1696 2255 motu
1727 2202 2083 2276 praeparari
2116 2208 2290 2276 atque

207 2293 458 2369 disponi,
484 2297 798 2348 anathema
819 2297 913 2348 sit.
946 2294 1070 2348 Duo
1090 2336 1104 2364 7
1135 2303 1199 2348 ut
1220 2303 1404 2372 patet,
1433 2290 1542 2349 hoc
1564 2312 1784 2350 canone
1810 2291 2129 2351 Concilium
2143 2291 2288 2351 defi-
2342 2334 2344 2336 ·

206 2386 352 2443 nivit
375 2410 389 2457 ς
416 2387 603 2465 primo
630 2385 838 2443 scilicet
857 2430 871 2457 a
920 2384 1232 2442 nonnullas
1267 2384 1666 2465 dispositiones
1688 2387 1750 2443 in
1772 2386 2010 2446 homine
2042 2386 2289 2466 requiri,

206 2491 267 2538 ut
301 2481 598 2559 perveniat
636 2480 708 2537 ad
734 2480 1241 2556 justificationem3
1280 2479 1565 2554 secundo,
1595 2480 1928 2542 fidemnon
1965 2500 2085 2540 esse
2109 2479 2292 2539 solam

207 2575 667 2653 dispositionem,
701 2574 800 2632 sed
837 2584 1043 2655 praeter
1088 2573 1265 2632 fidem
1294 2573 1430 2631 alias
1486 2575 1723 2655 insuper
1757 2576 2101 2633 necessarias
2143 2595 2287 2633 esse.
2301 2581 2303 2585 ’

208 2671 331 2726 Duo
349 2669 469 2727 haec
488 2679 791 2749 propterea
818 2667 1175 2726 ostendenda
1207 2670 1618 2748 assumpsimus
1644 2669 1707 2726 in
1729 2669 1836 2760 hac
1861 2669 2289 2776 propositione,

209 2783 330 2843 quae
360 2763 499 2821 duas
535 2763 635 2820 has
682 2763 953 2820 veritates
985 2762 1156 2819 simul
1206 2762 1625 2842 complectitur.

289 2858 423 2915 525.
472 2857 693 2915 Verum
711 2867 1074 2936 ‚antequam
1099 2856 1226 2916 haec
1261 2856 1632 2916 ostendamus
1653 2902 1668 2931 ,
1692 2829 2192 2939 praemittendum
2207 2839 2295 2917 est

211 2954 284 3012 ad
310 2956 589 3030 majorem
617 2954 735 3027 rei
763 2951 835 3010 de
871 2974 982 3033 qua
1003 2954 1253 3030 agimus
1283 2955 1785 3034 perspicuitatem.
1821 2956 1881 3012 1⁰
1920 2955 2023 3013 has
2050 2953 2296 3036 disposi-

211 3048 394 3106 tiones
424 3048 648 3129 exposci
679 3046 751 3105 ad
783 3046 1262 3127 impedimentum
1291 3048 1483 3126 gratiae
1516 3069 1616 3107 seu
1648 3049 2069 3127 justificationis
2102 3069 2296 3108 remo-

211 3140 497 3213 vendum,
540 3163 660 3199 non
701 3151 894 3199 autem
926 3140 1081 3221 quod
1106 3140 1219 3199 illae
1254 3140 1506 3200 habeant
1529 3144 1812 3201 rationem
1841 3144 2034 3202 meriti
2052 3146 2295 3222 proprie

211 3237 396 3307 di0t123
424 3235 704 3315 siquidem
736 3236 906 3314 gratis
934 3257 963 3294 a
994 3239 1112 3294 Deo
1141 3236 1320 3314 gratia
1345 3238 1703 3296 sanctificans
1727 3229 2054 3296 infunditur
2080 3238 2298 3296 intuitu
2350 3287 2352 3290 .

211 3329 550 3387 meritorum
582 3328 796 3387 Christi
829 3355 845 3403 ς
885 3350 949 3388 ac
995 3329 1241 3411 proinde
1274 3329 1386 3388 illae
1423 3330 1823 3412 dispositiones
1856 3344 1993 3390 sunt
2019 3331 2298 3412 tanquam

211 3421 462 3482 conditio
487 3468 502 3496 .,
533 3429 657 3482 sine
682 3446 798 3502 qua
843 3446 962 3482 non
991 3418 1319 3483 infunditur
1350 3426 1562 3505 gratia,
1601 3436 1699 3483 aut
1734 3426 1922 3485 solum
1952 3425 2174 3486 habent
2197 3445 2294 3484 ra-
2321 3494 2323 3496 ,

212 3518 429 3576 tionem
462 3519 687 3590 meriti,
716 3530 782 3577 ut
809 3530 1017 3578 vocant
1042 3564 1057 3594 7
1091 3521 1161 3578 de
1186 3540 1442 3599 conyruo
1468 3539 1568 3578 seu
1590 3522 2046 3600 impetrationis.
2070 3520 2296 3578 Praeno-

212 3622 400 3673 tamus
427 3611 494 3669 20
519 3656 534 3687 ,
560 3610 662 3669 has
685 3612 1078 3694 dispositiones
1107 3623 1319 3695 praeter
1343 3611 1520 3674 fidem
1537 3658 1553 3689 ‚
1580 3635 1708 3696 quae
1726 3617 1990 3676 omnium
2009 3631 2294 3672 consensu
