<?xml version="1.0" encoding="UTF-8"?>
<!DOCTYPE html PUBLIC "-//W3C//DTD XHTML 1.0 Transitional//EN"
    "http://www.w3.org/TR/xhtml1/DTD/xhtml1-transitional.dtd">
<html xmlns="http://www.w3.org/1999/xhtml" xml:lang="en" lang="en">
 <head>
  <title>
</title>
<meta http-equiv="Content-Type" content="text/html;charset=utf-8" />
  <meta name='ocr-system' content='tesseract 3.04.00' />
  <meta name='ocr-capabilities' content='ocr_page ocr_carea ocr_par ocr_line ocrx_word'/>
</head>
<body>
  <div class='ocr_page' id='page_1' title='image "a603693805perruoft_0109.png"; bbox 0 0 2540 4074; ppageno 0'>
   <div class='ocr_carea' id='block_1_1' title="bbox 516 214 2254 280">
    <p class='ocr_par' dir='ltr' id='par_1_1' title="bbox 516 214 2254 280">
     <span class='ocr_line' id='line_1_1' title="bbox 516 214 2254 280; baseline -0.002 -2"><span class='ocrx_word' id='word_1_1' title='bbox 516 242 679 280; x_wconf 74' lang='lat' dir='ltr'><strong>PART.</strong></span> <span class='ocrx_word' id='word_1_2' title='bbox 722 243 765 278; x_wconf 88' lang='lat'><strong>1.</strong></span> <span class='ocrx_word' id='word_1_3' title='bbox 811 240 935 278; x_wconf 69' lang='lat' dir='ltr'><strong>ou.</strong></span> <span class='ocrx_word' id='word_1_4' title='bbox 984 239 1072 278; x_wconf 90' lang='grc' dir='ltr'><strong>ιιι.</strong></span> <span class='ocrx_word' id='word_1_5' title='bbox 1108 238 1189 278; x_wconf 63' lang='grc' dir='ltr'><strong>»Β</strong></span> <span class='ocrx_word' id='word_1_6' title='bbox 1234 238 1583 279; x_wconf 64' lang='lat' dir='ltr'><strong>annorum-1³:</strong></span> <span class='ocrx_word' id='word_1_7' title='bbox 1628 239 1875 278; x_wconf 67' lang='lat' dir='ltr'><strong>ean-iffi.</strong></span> <span class='ocrx_word' id='word_1_8' title='bbox 2139 214 2254 276; x_wconf 84' lang='lat'><strong>103</strong></span> 
     </span>
    </p>
   </div>
   <div class='ocr_carea' id='block_1_2' title="bbox 145 375 2334 1315">
    <p class='ocr_par' dir='ltr' id='par_1_2' title="bbox 145 375 2334 1315">
     <span class='ocr_line' id='line_1_2' title="bbox 152 375 2258 463; baseline -0.002 -20"><span class='ocrx_word' id='word_1_9' title='bbox 152 375 317 444; x_wconf 85' lang='lat' dir='ltr'><strong>facile</strong></span> <span class='ocrx_word' id='word_1_10' title='bbox 337 382 522 462; x_wconf 81' lang='lat' dir='ltr'>colligi</span> <span class='ocrx_word' id='word_1_11' title='bbox 556 390 765 463; x_wconf 89' lang='lat' dir='ltr'><strong>potest.</strong></span> <span class='ocrx_word' id='word_1_12' title='bbox 809 380 867 439; x_wconf 93' lang='lat' dir='ltr'><strong>Si</strong></span> <span class='ocrx_word' id='word_1_13' title='bbox 905 381 1063 439; x_wconf 90' lang='lat' dir='ltr'><strong>enim</strong></span> <span class='ocrx_word' id='word_1_14' title='bbox 1092 382 1523 463; x_wconf 87' lang='lat' dir='ltr'><strong>perseverantia</strong></span> <span class='ocrx_word' id='word_1_15' title='bbox 1558 381 1742 443; x_wconf 84' lang='lat' dir='ltr'><strong>activa</strong></span> <span class='ocrx_word' id='word_1_16' title='bbox 1765 426 1781 455; x_wconf 70' lang='lat'>‚</span> <span class='ocrx_word' id='word_1_17' title='bbox 1835 379 1909 439; x_wconf 92' lang='lat' dir='ltr'><strong>de</strong></span> <span class='ocrx_word' id='word_1_18' title='bbox 1939 400 2054 461; x_wconf 87' lang='lat' dir='ltr'><strong>qua</strong></span> <span class='ocrx_word' id='word_1_19' title='bbox 2090 380 2258 439; x_wconf 83' lang='lat' dir='ltr'><strong>unice</strong></span> 
     </span>
     <span class='ocr_line' id='line_1_3' title="bbox 152 474 2334 558; baseline -0.002 -19"><span class='ocrx_word' id='word_1_20' title='bbox 152 491 241 540; x_wconf 92' lang='lat' dir='ltr'><strong>est</strong></span> <span class='ocrx_word' id='word_1_21' title='bbox 282 476 669 538; x_wconf 86' lang='lat' dir='ltr'><strong>controversia</strong></span> <span class='ocrx_word' id='word_1_22' title='bbox 699 520 714 549; x_wconf 86' lang='lat'><strong>.,</strong></span> <span class='ocrx_word' id='word_1_23' title='bbox 767 495 888 534; x_wconf 87' lang='lat' dir='ltr'><strong>non·</strong></span> <span class='ocrx_word' id='word_1_24' title='bbox 934 475 1090 535; x_wconf 90' lang='lat' dir='ltr'><strong>aliud</strong></span> <span class='ocrx_word' id='word_1_25' title='bbox 1143 475 1383 536; x_wconf 82' lang='lat' dir='ltr'><strong>denotat</strong></span> <span class='ocrx_word' id='word_1_26' title='bbox 1433 498 1607 558; x_wconf 90' lang='lat' dir='ltr'><strong>quam</strong></span> <span class='ocrx_word' id='word_1_27' title='bbox 1665 476 2006 536; x_wconf 86' lang='lat' dir='ltr'><strong>ulteriorem</strong></span> <span class='ocrx_word' id='word_1_28' title='bbox 2053 474 2251 554; x_wconf 87' lang='lat' dir='ltr'><strong>gratiae</strong></span> <span class='ocrx_word' id='word_1_29' title='bbox 2332 499 2334 501; x_wconf 84' lang='lat'>·</span> 
     </span>
     <span class='ocr_line' id='line_1_4' title="bbox 153 569 2263 674; baseline -0.002 -42"><span class='ocrx_word' id='word_1_30' title='bbox 153 572 386 632; x_wconf 82' lang='lat' dir='ltr'><strong>actualis</strong></span> <span class='ocrx_word' id='word_1_31' title='bbox 425 569 793 630; x_wconf 78' lang='lat' dir='ltr'><strong>collationem</strong></span> <span class='ocrx_word' id='word_1_32' title='bbox 824 615 838 646; x_wconf 54' lang='lat'><em>2</em></span> <span class='ocrx_word' id='word_1_33' title='bbox 872 574 995 648; x_wconf 88' lang='lat' dir='ltr'><strong>jam</strong></span> <span class='ocrx_word' id='word_1_34' title='bbox 1031 571 1404 652; x_wconf 81' lang='lat' dir='ltr'><strong>intelligitur</strong></span> <span class='ocrx_word' id='word_1_35' title='bbox 1437 593 1531 631; x_wconf 91' lang='lat' dir='ltr'><strong>eas</strong></span> <span class='ocrx_word' id='word_1_36' title='bbox 1569 571 1716 630; x_wconf 90' lang='lat' dir='ltr'><strong>solas</strong></span> <span class='ocrx_word' id='word_1_37' title='bbox 1742 571 1935 651; x_wconf 87' lang='lat' dir='ltr'><strong>urgeri</strong></span> <span class='ocrx_word' id='word_1_38' title='bbox 1971 590 2139 674; x_wconf 91' lang='lat' dir='ltr'><strong>posse</strong></span> <span class='ocrx_word' id='word_1_39' title='bbox 2163 591 2263 629; x_wconf 91' lang='lat' dir='ltr'><strong>se-</strong></span> 
     </span>
     <span class='ocr_line' id='line_1_5' title="bbox 153 663 2258 750; baseline -0.002 -23"><span class='ocrx_word' id='word_1_40' title='bbox 153 666 349 750; x_wconf 86' lang='lat' dir='ltr'><strong>quelas</strong></span> <span class='ocrx_word' id='word_1_41' title='bbox 375 665 651 725; x_wconf 89' lang='lat' dir='ltr'><strong>adversus</strong></span> <span class='ocrx_word' id='word_1_42' title='bbox 680 668 1125 745; x_wconf 76' lang='lat' dir='ltr'><strong>perseverantiae</strong></span> <span class='ocrx_word' id='word_1_43' title='bbox 1153 667 1232 725; x_wconf 87' lang='lat' dir='ltr'><strong>sic</strong></span> <span class='ocrx_word' id='word_1_44' title='bbox 1259 667 1532 747; x_wconf 76' lang='lat' dir='ltr'><strong>expositae</strong></span> <span class='ocrx_word' id='word_1_45' title='bbox 1576 665 1950 725; x_wconf 85' lang='lat' dir='ltr'><strong>doctrinam.</strong></span> <span class='ocrx_word' id='word_1_46' title='bbox 1942 685 2124 746; x_wconf 88' lang='lat' dir='ltr'><strong>quae</strong></span> <span class='ocrx_word' id='word_1_47' title='bbox 2153 663 2258 723; x_wconf 88' lang='lat' dir='ltr'><strong>ad-</strong></span> 
     </span>
     <span class='ocr_line' id='line_1_6' title="bbox 151 759 2262 842; baseline -0.003 -18"><span class='ocrx_word' id='word_1_48' title='bbox 151 781 348 824; x_wconf 83' lang='lat' dir='ltr'><strong>versus</strong></span> <span class='ocrx_word' id='word_1_49' title='bbox 386 759 767 820; x_wconf 82' lang='lat' dir='ltr'><strong>oeconomiam</strong></span> <span class='ocrx_word' id='word_1_50' title='bbox 794 761 987 840; x_wconf 85' lang='lat' dir='ltr'><strong>gratiae</strong></span> <span class='ocrx_word' id='word_1_51' title='bbox 1029 760 1268 820; x_wconf 84' lang='lat' dir='ltr'><strong>actualis</strong></span> <span class='ocrx_word' id='word_1_52' title='bbox 1318 766 1554 842; x_wconf 80' lang='lat' dir='ltr'><strong>ejusque</strong></span> <span class='ocrx_word' id='word_1_53' title='bbox 1591 761 1995 820; x_wconf 86' lang='lat' dir='ltr'><strong>necessitatem</strong></span> <span class='ocrx_word' id='word_1_54' title='bbox 2022 769 2262 841; x_wconf 85' lang='lat' dir='ltr'><strong>possent</strong></span> 
     </span>
     <span class='ocr_line' id='line_1_7' title="bbox 149 853 2262 936; baseline -0.001 -22"><span class='ocrx_word' id='word_1_55' title='bbox 149 855 384 936; x_wconf 88' lang='lat' dir='ltr'><strong>opponi.</strong></span> <span class='ocrx_word' id='word_1_56' title='bbox 414 855 550 914; x_wconf 85' lang='lat' dir='ltr'><strong>Haec</strong></span> <span class='ocrx_word' id='word_1_57' title='bbox 578 865 731 913; x_wconf 89' lang='lat' dir='ltr'><strong>certe</strong></span> <span class='ocrx_word' id='word_1_58' title='bbox 773 854 921 913; x_wconf 88' lang='lat' dir='ltr'>nihil</span> <span class='ocrx_word' id='word_1_59' title='bbox 965 875 1274 914; x_wconf 82' lang='lat' dir='ltr'><strong>commune</strong></span> <span class='ocrx_word' id='word_1_60' title='bbox 1308 853 1530 913; x_wconf 87' lang='lat' dir='ltr'><strong>habent</strong></span> <span class='ocrx_word' id='word_1_61' title='bbox 1564 865 1666 912; x_wconf 90' lang='lat' dir='ltr'><strong>aut</strong></span> <span class='ocrx_word' id='word_1_62' title='bbox 1706 875 1838 913; x_wconf 86' lang='lat' dir='ltr'><strong>cum</strong></span> <span class='ocrx_word' id='word_1_63' title='bbox 1879 853 2262 936; x_wconf 82' lang='lat' dir='ltr'><strong>praedestina-</strong></span> 
     </span>
     <span class='ocr_line' id='line_1_8' title="bbox 147 948 2260 1030; baseline -0.001 -22"><span class='ocrx_word' id='word_1_64' title='bbox 147 949 306 1008; x_wconf 89' lang='lat' dir='ltr'><strong>tione</strong></span> <span class='ocrx_word' id='word_1_65' title='bbox 342 948 605 1008; x_wconf 91' lang='lat' dir='ltr'><strong>absoluta</strong></span> <span class='ocrx_word' id='word_1_66' title='bbox 650 959 749 1007; x_wconf 89' lang='lat' dir='ltr'><strong>aut</strong></span> <span class='ocrx_word' id='word_1_67' title='bbox 786 971 917 1009; x_wconf 86' lang='lat' dir='ltr'><strong>oum</strong></span> <span class='ocrx_word' id='word_1_68' title='bbox 946 948 1266 1023; x_wconf 71' lang='lat' dir='ltr'><strong>fatalismo7</strong></span> <span class='ocrx_word' id='word_1_69' title='bbox 1305 969 1497 1029; x_wconf 90' lang='lat' dir='ltr'><strong>neque</strong></span> <span class='ocrx_word' id='word_1_70' title='bbox 1539 960 1921 1030; x_wconf 89' lang='lat' dir='ltr'><strong>opponuntur</strong></span> <span class='ocrx_word' id='word_1_71' title='bbox 1949 949 2070 1029; x_wconf 92' lang='lat' dir='ltr'><strong>spei</strong></span> <span class='ocrx_word' id='word_1_72' title='bbox 2102 948 2260 1006; x_wconf 74' lang='lat' dir='ltr'><strong>chri-</strong></span> 
     </span>
     <span class='ocr_line' id='line_1_9' title="bbox 147 1042 2263 1126; baseline -0.001 -24"><span class='ocrx_word' id='word_1_73' title='bbox 147 1043 349 1103; x_wconf 85' lang='lat' dir='ltr'><strong>stianae</strong></span> <span class='ocrx_word' id='word_1_74' title='bbox 371 1089 387 1118; x_wconf 86' lang='lat'><strong>.,</strong></span> <span class='ocrx_word' id='word_1_75' title='bbox 427 1043 679 1102; x_wconf 82' lang='lat' dir='ltr'><strong>maxime</strong></span> <span class='ocrx_word' id='word_1_76' title='bbox 706 1044 862 1126; x_wconf 89' lang='lat' dir='ltr'><strong>quod</strong></span> <span class='ocrx_word' id='word_1_77' title='bbox 893 1046 1044 1103; x_wconf 89' lang='lat' dir='ltr'><strong>Deus</strong></span> <span class='ocrx_word' id='word_1_78' title='bbox 1079 1044 1379 1102; x_wconf 89' lang='lat' dir='ltr'><strong>neminem</strong></span> <span class='ocrx_word' id='word_1_79' title='bbox 1408 1044 1590 1123; x_wconf 88' lang='lat' dir='ltr'><strong>gratia</strong></span> <span class='ocrx_word' id='word_1_80' title='bbox 1629 1065 1730 1101; x_wconf 92' lang='lat' dir='ltr'><strong>sua</strong></span> <span class='ocrx_word' id='word_1_81' title='bbox 1770 1042 2019 1117; x_wconf 57' lang='lat' dir='ltr'><strong>deserit7</strong></span> <span class='ocrx_word' id='word_1_82' title='bbox 2060 1042 2104 1100; x_wconf 90' lang='lat' dir='ltr'><strong>si</strong></span> <span class='ocrx_word' id='word_1_83' title='bbox 2146 1064 2263 1101; x_wconf 90' lang='lat' dir='ltr'><strong>non</strong></span> 
     </span>
     <span class='ocr_line' id='line_1_10' title="bbox 146 1136 2262 1221; baseline -0.001 -24"><span class='ocrx_word' id='word_1_84' title='bbox 146 1137 447 1198; x_wconf 80' lang='lat' dir='ltr'><strong>deseratur</strong></span> <span class='ocrx_word' id='word_1_85' title='bbox 474 1185 490 1215; x_wconf 84' lang='lat'>‚</span> <span class='ocrx_word' id='word_1_86' title='bbox 528 1151 594 1197; x_wconf 91' lang='lat' dir='ltr'><strong>ut</strong></span> <span class='ocrx_word' id='word_1_87' title='bbox 630 1141 725 1221; x_wconf 91' lang='lat' dir='ltr'><strong>pie</strong></span> <span class='ocrx_word' id='word_1_88' title='bbox 760 1159 992 1220; x_wconf 87' lang='lat' dir='ltr'><strong>semper</strong></span> <span class='ocrx_word' id='word_1_89' title='bbox 1024 1143 1298 1219; x_wconf 88' lang='lat' dir='ltr'><strong>justeque</strong></span> <span class='ocrx_word' id='word_1_90' title='bbox 1331 1138 1564 1198; x_wconf 84' lang='lat' dir='ltr'>vivatur</span> <span class='ocrx_word' id='word_1_91' title='bbox 1587 1184 1602 1213; x_wconf 70' lang='grc'><em>,</em></span> <span class='ocrx_word' id='word_1_92' title='bbox 1641 1149 1708 1196; x_wconf 93' lang='lat' dir='ltr'><strong>ut</strong></span> <span class='ocrx_word' id='word_1_93' title='bbox 1743 1136 2003 1219; x_wconf 88' lang='lat' dir='ltr'><strong>loquitur</strong></span> <span class='ocrx_word' id='word_1_94' title='bbox 2039 1139 2095 1196; x_wconf 86' lang='lat' dir='ltr'><strong>S.</strong></span> <span class='ocrx_word' id='word_1_95' title='bbox 2144 1141 2262 1197; x_wconf 87' lang='lat' dir='ltr'><strong>Au-</strong></span> 
     </span>
     <span class='ocr_line' id='line_1_11' title="bbox 145 1231 1916 1315; baseline 0 -24"><span class='ocrx_word' id='word_1_96' title='bbox 145 1234 408 1312; x_wconf 80' lang='lat' dir='ltr'><strong>gustinus</strong></span> <span class='ocrx_word' id='word_1_97' title='bbox 445 1235 569 1315; x_wconf 68' lang='lat' dir='ltr'>(l),</span> <span class='ocrx_word' id='word_1_98' title='bbox 611 1238 769 1312; x_wconf 83' lang='lat' dir='ltr'><strong>cujus</strong></span> <span class='ocrx_word' id='word_1_99' title='bbox 813 1231 991 1294; x_wconf 86' lang='lat' dir='ltr'><strong>verba</strong></span> <span class='ocrx_word' id='word_1_100' title='bbox 1022 1233 1328 1314; x_wconf 87' lang='lat' dir='ltr'><strong>usurpavit</strong></span> <span class='ocrx_word' id='word_1_101' title='bbox 1365 1232 1774 1292; x_wconf 87' lang='lat' dir='ltr'><strong>Tridentinum</strong></span> <span class='ocrx_word' id='word_1_102' title='bbox 1804 1232 1916 1312; x_wconf 86' lang='grc'><strong>(2).</strong></span> 
     </span>
    </p>
   </div>
   <div class='ocr_carea' id='block_1_3' title="bbox 982 1425 1367 1484">
    <p class='ocr_par' dir='ltr' id='par_1_3' title="bbox 982 1425 1367 1484">
     <span class='ocr_line' id='line_1_12' title="bbox 982 1425 1367 1484; baseline -0.003 0"><span class='ocrx_word' id='word_1_103' title='bbox 982 1425 1223 1484; x_wconf 87' lang='lat' dir='ltr'><strong>CAPUT</strong></span> <span class='ocrx_word' id='word_1_104' title='bbox 1266 1425 1367 1483; x_wconf 82' lang='grc' dir='ltr'><strong>ΙΙΙ.</strong></span> 
     </span>
    </p>
   </div>
   <div class='ocr_carea' id='block_1_4' title="bbox 828 1580 1571 1619">
    <p class='ocr_par' dir='ltr' id='par_1_4' title="bbox 828 1580 1571 1619">
     <span class='ocr_line' id='line_1_13' title="bbox 828 1580 1571 1619; baseline -0.003 -2"><span class='ocrx_word' id='word_1_105' title='bbox 828 1582 896 1618; x_wconf 82' lang='lat' dir='ltr'><strong>DE</strong></span> <span class='ocrx_word' id='word_1_106' title='bbox 940 1581 1290 1619; x_wconf 75' lang='lat' dir='ltr'>GRATUITATB</span> <span class='ocrx_word' id='word_1_107' title='bbox 1335 1580 1406 1618; x_wconf 85' lang='lat' dir='ltr'><strong>GR</strong></span> <span class='ocrx_word' id='word_1_108' title='bbox 1413 1581 1551 1618; x_wconf 74' lang='lat' dir='ltr'>ATIAE</span> <span class='ocrx_word' id='word_1_109' title='bbox 1562 1605 1571 1615; x_wconf 91' lang='lat'>.</span> 
     </span>
    </p>
   </div>
   <div class='ocr_carea' id='block_1_5' title="bbox 99 1737 2266 2486">
    <p class='ocr_par' dir='ltr' id='par_1_5' title="bbox 99 1737 2266 2391">
     <span class='ocr_line' id='line_1_14' title="bbox 226 1737 2259 1819; baseline -0.001 -21"><span class='ocrx_word' id='word_1_110' title='bbox 226 1741 365 1799; x_wconf 90' lang='lat'>212.</span> <span class='ocrx_word' id='word_1_111' title='bbox 412 1740 457 1798; x_wconf 88' lang='lat' dir='ltr'>A</span> <span class='ocrx_word' id='word_1_112' title='bbox 482 1738 778 1799; x_wconf 82' lang='lat' dir='ltr'><strong>catholicae</strong></span> <span class='ocrx_word' id='word_1_113' title='bbox 805 1739 1065 1800; x_wconf 88' lang='lat' dir='ltr'><strong>veritatis</strong></span> <span class='ocrx_word' id='word_1_114' title='bbox 1104 1740 1196 1799; x_wconf 89' lang='lat' dir='ltr'><strong>via</strong></span> <span class='ocrx_word' id='word_1_115' title='bbox 1225 1740 1370 1798; x_wconf 86' lang='lat' dir='ltr'><strong>eirca</strong></span> <span class='ocrx_word' id='word_1_116' title='bbox 1397 1740 1768 1819; x_wconf 82' lang='lat' dir='ltr'><strong>gratuitatem</strong></span> <span class='ocrx_word' id='word_1_117' title='bbox 1801 1738 1994 1818; x_wconf 79' lang='lat' dir='ltr'><strong>gratiae</strong></span> <span class='ocrx_word' id='word_1_118' title='bbox 2021 1737 2259 1818; x_wconf 83' lang='lat' dir='ltr'><strong>digressi</strong></span> 
     </span>
     <span class='ocr_line' id='line_1_15' title="bbox 146 1832 2253 1916; baseline -0.001 -25"><span class='ocrx_word' id='word_1_119' title='bbox 146 1845 284 1891; x_wconf 88' lang='lat' dir='ltr'><strong>sunt</strong></span> <span class='ocrx_word' id='word_1_120' title='bbox 316 1832 606 1911; x_wconf 85' lang='lat' dir='ltr'><strong>Pelagiani</strong></span> <span class='ocrx_word' id='word_1_121' title='bbox 628 1855 692 1893; x_wconf 88' lang='lat' dir='ltr'><strong>ao</strong></span> <span class='ocrx_word' id='word_1_122' title='bbox 714 1834 1155 1916; x_wconf 86' lang='lat' dir='ltr'><strong>Semipelagiani</strong></span> <span class='ocrx_word' id='word_1_123' title='bbox 1182 1879 1196 1907; x_wconf 72' lang='grc'><em>,</em></span> <span class='ocrx_word' id='word_1_124' title='bbox 1235 1846 1294 1892; x_wconf 88' lang='lat' dir='ltr'><strong>at</strong></span> <span class='ocrx_word' id='word_1_125' title='bbox 1317 1833 1544 1893; x_wconf 87' lang='lat' dir='ltr'><strong>diversa</strong></span> <span class='ocrx_word' id='word_1_126' title='bbox 1581 1835 1806 1892; x_wconf 91' lang='lat' dir='ltr'><strong>ratione</strong></span> <span class='ocrx_word' id='word_1_127' title='bbox 1835 1855 1950 1914; x_wconf 88' lang='lat' dir='ltr'><strong>pro</strong></span> <span class='ocrx_word' id='word_1_128' title='bbox 1973 1832 2217 1892; x_wconf 86' lang='lat' dir='ltr'><strong>diversis</strong></span> <span class='ocrx_word' id='word_1_129' title='bbox 2239 1877 2253 1904; x_wconf 66' lang='lat' dir='ltr'>o</span> 
     </span>
     <span class='ocr_line' id='line_1_16' title="bbox 143 1926 2261 2009; baseline 0 -25"><span class='ocrx_word' id='word_1_130' title='bbox 143 1926 352 2008; x_wconf 88' lang='lat' dir='ltr'><strong>quibus</strong></span> <span class='ocrx_word' id='word_1_131' title='bbox 406 1926 799 1988; x_wconf 88' lang='lat' dir='ltr'><strong>movebantur</strong></span> <span class='ocrx_word' id='word_1_132' title='bbox 824 1975 840 2005; x_wconf 52' lang='lat'><em>3</em></span> <span class='ocrx_word' id='word_1_133' title='bbox 883 1929 1084 1987; x_wconf 79' lang='lat' dir='ltr'><strong>causis,</strong></span> <span class='ocrx_word' id='word_1_134' title='bbox 1145 1927 1635 2009; x_wconf 83' lang='lat' dir='ltr'><strong>Quandoquidem</strong></span> <span class='ocrx_word' id='word_1_135' title='bbox 1692 1950 1829 1987; x_wconf 84' lang='lat' dir='ltr'><strong>vero</strong></span> <span class='ocrx_word' id='word_1_136' title='bbox 1884 1950 1953 1987; x_wconf 84' lang='lat' dir='ltr'><strong>ex</strong></span> <span class='ocrx_word' id='word_1_137' title='bbox 1999 1939 2261 1986; x_wconf 85' lang='lat' dir='ltr'><strong>accurata</strong></span> 
     </span>
     <span class='ocr_line' id='line_1_17' title="bbox 148 2022 2265 2104; baseline -0 -22"><span class='ocrx_word' id='word_1_138' title='bbox 148 2022 507 2104; x_wconf 82' lang='lat' dir='ltr'><strong>expositione</strong></span> <span class='ocrx_word' id='word_1_139' title='bbox 542 2023 842 2104; x_wconf 90' lang='lat' dir='ltr'><strong>utriusque</strong></span> <span class='ocrx_word' id='word_1_140' title='bbox 869 2023 1112 2092; x_wconf 71' lang='lat' dir='ltr'><strong>illorum</strong></span> <span class='ocrx_word' id='word_1_141' title='bbox 1142 2023 1467 2102; x_wconf 79' lang='lat' dir='ltr'><strong>systematis</strong></span> <span class='ocrx_word' id='word_1_142' title='bbox 1498 2023 1719 2103; x_wconf 84' lang='lat' dir='ltr'><strong>pendet</strong></span> <span class='ocrx_word' id='word_1_143' title='bbox 1748 2045 2021 2104; x_wconf 89' lang='lat' dir='ltr'><strong>germana</strong></span> <span class='ocrx_word' id='word_1_144' title='bbox 2062 2022 2265 2087; x_wconf 89' lang='lat' dir='ltr'><strong>ortho-</strong></span> 
     </span>
     <span class='ocr_line' id='line_1_18' title="bbox 99 2111 2266 2200; baseline -0.001 -24"><span class='ocrx_word' id='word_1_145' title='bbox 99 2155 104 2158; x_wconf 60' lang='grc'><strong><em>«</em></strong></span> <span class='ocrx_word' id='word_1_146' title='bbox 150 2117 314 2176; x_wconf 85' lang='lat' dir='ltr'><strong>doxae</strong></span> <span class='ocrx_word' id='word_1_147' title='bbox 357 2111 635 2177; x_wconf 73' lang='lat' dir='ltr'><strong>doctrinae</strong></span> <span class='ocrx_word' id='word_1_148' title='bbox 666 2119 864 2194; x_wconf 71' lang='grc' dir='ltr'><strong>ιιοῐίο,</strong></span> <span class='ocrx_word' id='word_1_149' title='bbox 910 2139 1036 2200; x_wconf 83' lang='lat' dir='ltr'><strong>quae</strong></span> <span class='ocrx_word' id='word_1_150' title='bbox 1071 2116 1410 2177; x_wconf 89' lang='lat' dir='ltr'><strong>eorumdem</strong></span> <span class='ocrx_word' id='word_1_151' title='bbox 1451 2117 1744 2177; x_wconf 88' lang='lat' dir='ltr'><strong>erroribus</strong></span> <span class='ocrx_word' id='word_1_152' title='bbox 1784 2118 2135 2199; x_wconf 60' lang='lat' dir='ltr'><strong>opponitur„</strong></span> <span class='ocrx_word' id='word_1_153' title='bbox 2165 2122 2266 2195; x_wconf 85' lang='lat' dir='ltr'><strong>ju·-</strong></span> 
     </span>
     <span class='ocr_line' id='line_1_19' title="bbox 149 2213 2262 2295; baseline -0.002 -22"><span class='ocrx_word' id='word_1_154' title='bbox 149 2213 301 2273; x_wconf 86' lang='lat' dir='ltr'><strong>verit</strong></span> <span class='ocrx_word' id='word_1_155' title='bbox 337 2213 537 2272; x_wconf 89' lang='lat' dir='ltr'><strong>sedulo</strong></span> <span class='ocrx_word' id='word_1_156' title='bbox 567 2213 899 2295; x_wconf 76' lang='lat' dir='ltr'><strong>expendere</strong></span> <span class='ocrx_word' id='word_1_157' title='bbox 918 2260 935 2290; x_wconf 63' lang='lat'>7</span> <span class='ocrx_word' id='word_1_158' title='bbox 973 2213 1115 2295; x_wconf 87' lang='lat' dir='ltr'><strong>quid</strong></span> <span class='ocrx_word' id='word_1_159' title='bbox 1137 2213 1283 2273; x_wconf 84' lang='lat' dir='ltr'><strong>eirca</strong></span> <span class='ocrx_word' id='word_1_160' title='bbox 1307 2213 1466 2272; x_wconf 84' lang='lat' dir='ltr'><strong>huno</strong></span> <span class='ocrx_word' id='word_1_161' title='bbox 1488 2213 1800 2273; x_wconf 85' lang='lat' dir='ltr'><strong>articulum</strong></span> <span class='ocrx_word' id='word_1_162' title='bbox 1821 2213 1909 2272; x_wconf 85' lang='lat' dir='ltr'><strong>illi</strong></span> <span class='ocrx_word' id='word_1_163' title='bbox 1939 2213 2262 2285; x_wconf 85' lang='lat' dir='ltr'><strong>senserint,</strong></span> 
     </span>
     <span class='ocr_line' id='line_1_20' title="bbox 149 2308 1631 2391; baseline 0 -24"><span class='ocrx_word' id='word_1_164' title='bbox 149 2319 208 2367; x_wconf 90' lang='lat' dir='ltr'><strong>et</strong></span> <span class='ocrx_word' id='word_1_165' title='bbox 240 2326 366 2389; x_wconf 83' lang='lat' dir='ltr'><strong>quae</strong></span> <span class='ocrx_word' id='word_1_166' title='bbox 393 2329 529 2368; x_wconf 84' lang='lat' dir='ltr'><strong>vera</strong></span> <span class='ocrx_word' id='word_1_167' title='bbox 570 2329 632 2367; x_wconf 86' lang='lat' dir='ltr'><strong>ao</strong></span> <span class='ocrx_word' id='word_1_168' title='bbox 660 2308 910 2389; x_wconf 86' lang='lat' dir='ltr'><strong>genuina</strong></span> <span class='ocrx_word' id='word_1_169' title='bbox 946 2309 1120 2368; x_wconf 88' lang='lat' dir='ltr'><strong>fuerit</strong></span> <span class='ocrx_word' id='word_1_170' title='bbox 1143 2310 1406 2391; x_wconf 88' lang='lat' dir='ltr'><strong>ipsorum</strong></span> <span class='ocrx_word' id='word_1_171' title='bbox 1445 2331 1631 2368; x_wconf 77' lang='lat' dir='ltr'><strong>mens,</strong></span> 
     </span>
    </p>

    <p class='ocr_par' dir='ltr' id='par_1_6' title="bbox 227 2403 2254 2486">
     <span class='ocr_line' id='line_1_21' title="bbox 227 2403 2254 2486; baseline -0 -25"><span class='ocrx_word' id='word_1_172' title='bbox 227 2403 370 2462; x_wconf 80' lang='lat'>213.</span> <span class='ocrx_word' id='word_1_173' title='bbox 412 2403 700 2482; x_wconf 78' lang='lat' dir='ltr'><strong>pelagiani</strong></span> <span class='ocrx_word' id='word_1_174' title='bbox 739 2425 810 2463; x_wconf 81' lang='lat' dir='ltr'><strong>ex</strong></span> <span class='ocrx_word' id='word_1_175' title='bbox 850 2405 1149 2486; x_wconf 90' lang='lat' dir='ltr'><strong>potissimo</strong></span> <span class='ocrx_word' id='word_1_176' title='bbox 1189 2425 1304 2463; x_wconf 87' lang='lat' dir='ltr'><strong>suae</strong></span> <span class='ocrx_word' id='word_1_177' title='bbox 1339 2404 1615 2463; x_wconf 83' lang='lat' dir='ltr'><strong>doctrinae</strong></span> <span class='ocrx_word' id='word_1_178' title='bbox 1656 2406 1879 2485; x_wconf 65' lang='lat' dir='ltr'><strong>capite,</strong></span> <span class='ocrx_word' id='word_1_179' title='bbox 1912 2403 2101 2484; x_wconf 85' lang='lat' dir='ltr'><strong>quod,</strong></span> <span class='ocrx_word' id='word_1_180' title='bbox 2127 2424 2254 2484; x_wconf 90' lang='lat' dir='ltr'><strong>spe-</strong></span> 
     </span>
    </p>
   </div>
   <div class='ocr_carea' id='block_1_6' title="bbox 59 2499 2262 2576">
    <p class='ocr_par' dir='ltr' id='par_1_7' title="bbox 59 2499 2262 2576">
     <span class='ocr_line' id='line_1_22' title="bbox 59 2499 2262 2576; baseline -0.002 -17"><span class='ocrx_word' id='word_1_181' title='bbox 59 2540 62 2543; x_wconf 91' lang='lat'>·</span> <span class='ocrx_word' id='word_1_182' title='bbox 149 2510 300 2559; x_wconf 90' lang='lat' dir='ltr'><strong>ctata</strong></span> <span class='ocrx_word' id='word_1_183' title='bbox 315 2499 568 2559; x_wconf 91' lang='lat' dir='ltr'><strong>hominis</strong></span> <span class='ocrx_word' id='word_1_184' title='bbox 590 2500 843 2559; x_wconf 88' lang='lat' dir='ltr'><strong>naturali</strong></span> <span class='ocrx_word' id='word_1_185' title='bbox 871 2500 1201 2560; x_wconf 89' lang='lat' dir='ltr'><strong>conditione</strong></span> <span class='ocrx_word' id='word_1_186' title='bbox 1219 2546 1234 2576; x_wconf 66' lang='lat'><em>7</em></span> <span class='ocrx_word' id='word_1_187' title='bbox 1269 2501 1319 2559; x_wconf 91' lang='lat' dir='ltr'><strong>ei</strong></span> <span class='ocrx_word' id='word_1_188' title='bbox 1333 2522 1454 2560; x_wconf 92' lang='lat' dir='ltr'><strong>non</strong></span> <span class='ocrx_word' id='word_1_189' title='bbox 1482 2501 1555 2558; x_wconf 90' lang='lat' dir='ltr'><strong>sit</strong></span> <span class='ocrx_word' id='word_1_190' title='bbox 1575 2499 1835 2558; x_wconf 87' lang='lat' dir='ltr'><strong>absolute</strong></span> <span class='ocrx_word' id='word_1_191' title='bbox 1871 2499 2262 2559; x_wconf 87' lang='lat' dir='ltr'><strong>necessarium</strong></span> 
     </span>
    </p>
   </div>
   <div class='ocr_carea' id='block_1_7' title="bbox 149 2592 2273 3154">
    <p class='ocr_par' dir='ltr' id='par_1_8' title="bbox 149 2592 2273 3154">
     <span class='ocr_line' id='line_1_23' title="bbox 151 2592 2264 2675; baseline -0.001 -22"><span class='ocrx_word' id='word_1_192' title='bbox 151 2595 344 2674; x_wconf 84' lang='lat' dir='ltr'><strong>gratiae</strong></span> <span class='ocrx_word' id='word_1_193' title='bbox 381 2594 661 2654; x_wconf 83' lang='lat' dir='ltr'><strong>auxilium</strong></span> <span class='ocrx_word' id='word_1_194' title='bbox 702 2596 777 2653; x_wconf 90' lang='lat' dir='ltr'><strong>ad</strong></span> <span class='ocrx_word' id='word_1_195' title='bbox 813 2594 964 2655; x_wconf 90' lang='lat' dir='ltr'><strong>bene</strong></span> <span class='ocrx_word' id='word_1_196' title='bbox 1014 2617 1078 2655; x_wconf 87' lang='lat' dir='ltr'><strong>ao</strong></span> <span class='ocrx_word' id='word_1_197' title='bbox 1119 2595 1447 2654; x_wconf 87' lang='lat' dir='ltr'><strong>salutariter</strong></span> <span class='ocrx_word' id='word_1_198' title='bbox 1488 2594 1886 2675; x_wconf 86' lang='lat' dir='ltr'><strong>operandum,</strong></span> <span class='ocrx_word' id='word_1_199' title='bbox 1937 2593 2040 2654; x_wconf 89' lang='lat' dir='ltr'><strong>sed</strong></span> <span class='ocrx_word' id='word_1_200' title='bbox 2075 2592 2264 2651; x_wconf 90' lang='lat' dir='ltr'><strong>solum</strong></span> 
     </span>
     <span class='ocr_line' id='line_1_24' title="bbox 149 2686 2267 2773; baseline -0.001 -25"><span class='ocrx_word' id='word_1_201' title='bbox 149 2688 224 2748; x_wconf 86' lang='lat' dir='ltr'><strong>ad</strong></span> <span class='ocrx_word' id='word_1_202' title='bbox 255 2686 618 2772; x_wconf 87' lang='lat' dir='ltr'><strong>operandum</strong></span> <span class='ocrx_word' id='word_1_203' title='bbox 633 2692 923 2771; x_wconf 65' lang='lat' dir='ltr'><strong>facilius‘,</strong></span> <span class='ocrx_word' id='word_1_204' title='bbox 952 2702 1012 2751; x_wconf 92' lang='lat' dir='ltr'><strong>et</strong></span> <span class='ocrx_word' id='word_1_205' title='bbox 1040 2690 1278 2773; x_wconf 90' lang='lat' dir='ltr'><strong>quidem</strong></span> <span class='ocrx_word' id='word_1_206' title='bbox 1311 2712 1417 2771; x_wconf 88' lang='lat' dir='ltr'><strong>per</strong></span> <span class='ocrx_word' id='word_1_207' title='bbox 1442 2690 1625 2749; x_wconf 91' lang='lat' dir='ltr'><strong>solam</strong></span> <span class='ocrx_word' id='word_1_208' title='bbox 1648 2691 1892 2769; x_wconf 77' lang='lat' dir='ltr'><strong>gratiam</strong></span> <span class='ocrx_word' id='word_1_209' title='bbox 1919 2688 2267 2749; x_wconf 90' lang='lat' dir='ltr'><strong>illustratio-</strong></span> 
     </span>
     <span class='ocr_line' id='line_1_25' title="bbox 151 2785 2271 2869; baseline -0.001 -26"><span class='ocrx_word' id='word_1_210' title='bbox 151 2785 274 2860; x_wconf 76' lang='lat' dir='ltr'><strong>niS‚</strong></span> <span class='ocrx_word' id='word_1_211' title='bbox 305 2786 669 2862; x_wconf 78' lang='lat' dir='ltr'><strong>intulerunt,</strong></span> <span class='ocrx_word' id='word_1_212' title='bbox 702 2809 870 2869; x_wconf 90' lang='lat' dir='ltr'><strong>posse</strong></span> <span class='ocrx_word' id='word_1_213' title='bbox 906 2786 1205 2846; x_wconf 88' lang='lat' dir='ltr'><strong>hominem</strong></span> <span class='ocrx_word' id='word_1_214' title='bbox 1231 2787 1346 2845; x_wconf 92' lang='lat' dir='ltr'><strong>suis</strong></span> <span class='ocrx_word' id='word_1_215' title='bbox 1383 2785 1600 2847; x_wconf 89' lang='lat' dir='ltr'><strong>viribus</strong></span> <span class='ocrx_word' id='word_1_216' title='bbox 1623 2786 1889 2846; x_wconf 89' lang='lat' dir='ltr'><strong>divinam</strong></span> <span class='ocrx_word' id='word_1_217' title='bbox 1929 2806 2102 2866; x_wconf 89' lang='lat' dir='ltr'><strong>opem</strong></span> <span class='ocrx_word' id='word_1_218' title='bbox 2139 2804 2271 2864; x_wconf 90' lang='lat' dir='ltr'><strong>pro-</strong></span> 
     </span>
     <span class='ocr_line' id='line_1_26' title="bbox 154 2881 2273 2964; baseline -0.002 -25"><span class='ocrx_word' id='word_1_219' title='bbox 154 2883 386 2940; x_wconf 87' lang='lat' dir='ltr'><strong>mereri.</strong></span> <span class='ocrx_word' id='word_1_220' title='bbox 434 2883 560 2955; x_wconf 87' lang='lat' dir='ltr'><strong>Quo</strong></span> <span class='ocrx_word' id='word_1_221' title='bbox 587 2883 810 2964; x_wconf 73' lang='lat' dir='ltr'><strong>posito,</strong></span> <span class='ocrx_word' id='word_1_222' title='bbox 851 2882 1175 2942; x_wconf 85' lang='lat' dir='ltr'><strong>docuerunt</strong></span> <span class='ocrx_word' id='word_1_223' title='bbox 1205 2929 1220 2957; x_wconf 61' lang='lat' dir='ltr'><strong>a</strong></span> <span class='ocrx_word' id='word_1_224' title='bbox 1257 2885 1445 2942; x_wconf 89' lang='lat' dir='ltr'><strong>Deum</strong></span> <span class='ocrx_word' id='word_1_225' title='bbox 1472 2905 1580 2964; x_wconf 88' lang='lat' dir='ltr'><strong>pro</strong></span> <span class='ocrx_word' id='word_1_226' title='bbox 1625 2883 1845 2941; x_wconf 89' lang='lat' dir='ltr'><strong>meritis</strong></span> <span class='ocrx_word' id='word_1_227' title='bbox 1893 2881 2101 2960; x_wconf 87' lang='lat' dir='ltr'><strong>gratias</strong></span> <span class='ocrx_word' id='word_1_228' title='bbox 2144 2899 2273 2936; x_wconf 92' lang='lat' dir='ltr'><strong>suas</strong></span> 
     </span>
     <span class='ocr_line' id='line_1_27' title="bbox 155 2975 2265 3059; baseline -0.002 -24"><span class='ocrx_word' id='word_1_229' title='bbox 155 2975 380 3035; x_wconf 88' lang='lat' dir='ltr'><strong>homini</strong></span> <span class='ocrx_word' id='word_1_230' title='bbox 415 2976 664 3057; x_wconf 87' lang='lat' dir='ltr'><strong>elargiri.</strong></span> <span class='ocrx_word' id='word_1_231' title='bbox 697 2980 968 3059; x_wconf 86' lang='lat' dir='ltr'><strong>Dumque</strong></span> <span class='ocrx_word' id='word_1_232' title='bbox 997 2979 1076 3037; x_wconf 90' lang='lat' dir='ltr'><strong>ita</strong></span> <span class='ocrx_word' id='word_1_233' title='bbox 1110 2977 1462 3037; x_wconf 88' lang='lat' dir='ltr'><strong>videbantur</strong></span> <span class='ocrx_word' id='word_1_234' title='bbox 1485 2979 1726 3058; x_wconf 86' lang='lat' dir='ltr'><strong>gratiam</strong></span> <span class='ocrx_word' id='word_1_235' title='bbox 1756 2975 2056 3034; x_wconf 88' lang='lat' dir='ltr'><strong>adstruere</strong></span> <span class='ocrx_word' id='word_1_236' title='bbox 2088 3019 2103 3048; x_wconf 69' lang='grc'><em>,</em></span> <span class='ocrx_word' id='word_1_237' title='bbox 2135 2994 2265 3032; x_wconf 89' lang='lat' dir='ltr'><strong>eam</strong></span> 
     </span>
     <span class='ocr_line' id='line_1_28' title="bbox 157 3068 2270 3154; baseline -0.001 -26"><span class='ocrx_word' id='word_1_238' title='bbox 157 3070 416 3134; x_wconf 88' lang='lat' dir='ltr'><strong>funditus</strong></span> <span class='ocrx_word' id='word_1_239' title='bbox 449 3071 759 3133; x_wconf 89' lang='lat' dir='ltr'><strong>diruebant.</strong></span> <span class='ocrx_word' id='word_1_240' title='bbox 786 3072 894 3154; x_wconf 81' lang='grc'><strong>(3).</strong></span> <span class='ocrx_word' id='word_1_241' title='bbox 934 3073 1201 3134; x_wconf 90' lang='lat' dir='ltr'><strong>Diversas</strong></span> <span class='ocrx_word' id='word_1_242' title='bbox 1241 3084 1440 3133; x_wconf 89' lang='lat' dir='ltr'><strong>tamen</strong></span> <span class='ocrx_word' id='word_1_243' title='bbox 1483 3071 1920 3130; x_wconf 90' lang='lat' dir='ltr'><strong>immutationes</strong></span> <span class='ocrx_word' id='word_1_244' title='bbox 1961 3068 2082 3128; x_wconf 84' lang='lat' dir='ltr'><strong>haee</strong></span> <span class='ocrx_word' id='word_1_245' title='bbox 2114 3069 2270 3149; x_wconf 89' lang='lat' dir='ltr'><strong>ipso-</strong></span> 
     </span>
    </p>
   </div>
   <div class='ocr_carea' id='block_1_8' title="bbox 160 3287 2267 3436">
    <p class='ocr_par' dir='ltr' id='par_1_9' title="bbox 160 3287 2267 3436">
     <span class='ocr_line' id='line_1_29' title="bbox 227 3287 2267 3356; baseline -0.001 -22"><span class='ocrx_word' id='word_1_246' title='bbox 227 3287 295 3349; x_wconf 90' lang='lat' dir='ltr'><strong>(l)</strong></span> <span class='ocrx_word' id='word_1_247' title='bbox 331 3287 434 3337; x_wconf 84' lang='lat' dir='ltr'><strong>Lib.</strong></span> <span class='ocrx_word' id='word_1_248' title='bbox 458 3288 538 3338; x_wconf 78' lang='lat' dir='ltr'><strong>De</strong></span> <span class='ocrx_word' id='word_1_249' title='bbox 552 3300 730 3339; x_wconf 73' lang='lat' dir='ltr'><strong>natura</strong></span> <span class='ocrx_word' id='word_1_250' title='bbox 743 3299 789 3339; x_wconf 80' lang='lat' dir='ltr'><strong>et</strong></span> <span class='ocrx_word' id='word_1_251' title='bbox 800 3298 928 3356; x_wconf 59' lang='grc' dir='ltr'><strong>μοι.</strong></span> <span class='ocrx_word' id='word_1_252' title='bbox 947 3307 1051 3356; x_wconf 84' lang='lat' dir='ltr'><strong>cap.</strong></span> <span class='ocrx_word' id='word_1_253' title='bbox 1074 3287 1140 3338; x_wconf 82' lang='lat'><strong>26</strong></span> <span class='ocrx_word' id='word_1_254' title='bbox 1156 3327 1172 3351; x_wconf 88' lang='lat'><strong><em>‚</em></strong></span> <span class='ocrx_word' id='word_1_255' title='bbox 1256 3292 1417 3338; x_wconf 86' lang='lat' dir='ltr'><strong>merita</strong></span> <span class='ocrx_word' id='word_1_256' title='bbox 1442 3291 1637 3354; x_wconf 81' lang='lat' dir='ltr'><strong>gratiam</strong></span> <span class='ocrx_word' id='word_1_257' title='bbox 1666 3287 1993 3353; x_wconf 77' lang='lat' dir='ltr'><strong>praecedentia,</strong></span> <span class='ocrx_word' id='word_1_258' title='bbox 2015 3297 2060 3335; x_wconf 85' lang='lat' dir='ltr'><strong>et</strong></span> <span class='ocrx_word' id='word_1_259' title='bbox 2080 3287 2267 3350; x_wconf 75' lang='lat' dir='ltr'><strong>gratiam</strong></span> 
     </span>
     <span class='ocr_line' id='line_1_30' title="bbox 160 3369 2263 3436; baseline -0.004 -14"><span class='ocrx_word' id='word_1_260' title='bbox 160 3386 212 3417; x_wconf 83' lang='lat' dir='ltr'><strong>n·</strong></span> <span class='ocrx_word' id='word_1_261' title='bbox 244 3385 323 3436; x_wconf 82' lang='lat'><strong>29-</strong></span> <span class='ocrx_word' id='word_1_262' title='bbox 1255 3370 1342 3420; x_wconf 86' lang='lat' dir='ltr'><strong>Dei</strong></span> <span class='ocrx_word' id='word_1_263' title='bbox 1384 3370 1476 3418; x_wconf 76' lang='lat' dir='ltr'><strong>illis</strong></span> <span class='ocrx_word' id='word_1_264' title='bbox 1517 3369 1878 3436; x_wconf 75' lang='lat' dir='ltr'><strong>subsequentem</strong></span> <span class='ocrx_word' id='word_1_265' title='bbox 1921 3369 2083 3417; x_wconf 80' lang='lat' dir='ltr'><strong>fecisse</strong></span> <span class='ocrx_word' id='word_1_266' title='bbox 2107 3405 2119 3427; x_wconf 84' lang='lat'>‚</span> <span class='ocrx_word' id='word_1_267' title='bbox 2168 3384 2263 3415; x_wconf 88' lang='lat' dir='ltr'><strong>non</strong></span> 
     </span>
    </p>
   </div>
   <div class='ocr_carea' id='block_1_9' title="bbox 163 3450 2270 3763">
    <p class='ocr_par' dir='ltr' id='par_1_10' title="bbox 163 3450 2270 3763">
     <span class='ocr_line' id='line_1_31' title="bbox 233 3450 2270 3519; baseline -0.001 -21"><span class='ocrx_word' id='word_1_268' title='bbox 233 3450 296 3515; x_wconf 86' lang='lat'><strong>(2)</strong></span> <span class='ocrx_word' id='word_1_269' title='bbox 334 3450 454 3500; x_wconf 73' lang='lat' dir='ltr'><strong>Sese.</strong></span> <span class='ocrx_word' id='word_1_270' title='bbox 487 3469 563 3511; x_wconf 78' lang='lat' dir='ltr'><strong>vi,</strong></span> <span class='ocrx_word' id='word_1_271' title='bbox 590 3470 694 3519; x_wconf 78' lang='lat' dir='ltr'><strong>cap.</strong></span> <span class='ocrx_word' id='word_1_272' title='bbox 734 3462 810 3502; x_wconf 84' lang='lat'><strong>11.</strong></span> <span class='ocrx_word' id='word_1_273' title='bbox 1254 3470 1362 3502; x_wconf 83' lang='lat' dir='ltr'><strong>vero</strong></span> <span class='ocrx_word' id='word_1_274' title='bbox 1406 3454 1759 3517; x_wconf 63' lang='lat' dir='ltr'><strong>praevenientem</strong></span> <span class='ocrx_word' id='word_1_275' title='bbox 1778 3488 1792 3512; x_wconf 87' lang='lat'><strong>‚</strong></span> <span class='ocrx_word' id='word_1_276' title='bbox 1832 3467 1967 3515; x_wconf 88' lang='lat' dir='ltr'><strong>opera</strong></span> <span class='ocrx_word' id='word_1_277' title='bbox 1998 3467 2080 3498; x_wconf 86' lang='lat' dir='ltr'><strong>seu</strong></span> <span class='ocrx_word' id='word_1_278' title='bbox 2108 3450 2270 3512; x_wconf 77' lang='lat' dir='ltr'><strong>merita</strong></span> 
     </span>
     <span class='ocr_line' id='line_1_32' title="bbox 232 3531 2262 3602; baseline -0.002 -21"><span class='ocrx_word' id='word_1_279' title='bbox 232 3531 296 3595; x_wconf 88' lang='grc'><strong>(3)</strong></span> <span class='ocrx_word' id='word_1_280' title='bbox 335 3532 435 3581; x_wconf 85' lang='lat' dir='ltr'><strong>Cfr.</strong></span> <span class='ocrx_word' id='word_1_281' title='bbox 492 3533 682 3584; x_wconf 73' lang='lat' dir='ltr'><strong>Trioans.</strong></span> <span class='ocrx_word' id='word_1_282' title='bbox 739 3535 820 3584; x_wconf 84' lang='lat' dir='ltr'><strong>De</strong></span> <span class='ocrx_word' id='word_1_283' title='bbox 869 3534 1171 3602; x_wconf 76' lang='lat' dir='ltr'><strong>indifferenti</strong></span> <span class='ocrx_word' id='word_1_284' title='bbox 1204 3586 1215 3597; x_wconf 82' lang='lat'><strong>.</strong></span> <span class='ocrx_word' id='word_1_285' title='bbox 1251 3540 1427 3583; x_wconf 78' lang='lat' dir='ltr'><strong>nostra.</strong></span> <span class='ocrx_word' id='word_1_286' title='bbox 1460 3531 1538 3583; x_wconf 76' lang='lat' dir='ltr'><strong>Sic</strong></span> <span class='ocrx_word' id='word_1_287' title='bbox 1563 3536 1690 3583; x_wconf 86' lang='lat' dir='ltr'><strong>enim</strong></span> <span class='ocrx_word' id='word_1_288' title='bbox 1706 3532 1827 3598; x_wconf 87' lang='lat' dir='ltr'><strong>apud</strong></span> <span class='ocrx_word' id='word_1_289' title='bbox 1855 3532 1905 3580; x_wconf 87' lang='lat' dir='ltr'><strong>S.</strong></span> <span class='ocrx_word' id='word_1_290' title='bbox 1936 3532 2262 3598; x_wconf 84' lang='lat' dir='ltr'><strong>Augustinum,</strong></span> 
     </span>
     <span class='ocr_line' id='line_1_33' title="bbox 163 3609 2262 3681; baseline -0.001 -20"><span class='ocrx_word' id='word_1_291' title='bbox 163 3613 290 3680; x_wconf 73' lang='lat' dir='ltr'><strong>lapsi</strong></span> <span class='ocrx_word' id='word_1_292' title='bbox 301 3614 512 3663; x_wconf 79' lang='lat' dir='ltr'><strong>hominis</strong></span> <span class='ocrx_word' id='word_1_293' title='bbox 527 3615 754 3680; x_wconf 79' lang='lat' dir='ltr'><strong>arbitrio,</strong></span> <span class='ocrx_word' id='word_1_294' title='bbox 769 3627 885 3681; x_wconf 86' lang='lat' dir='ltr'><strong>part.</strong></span> <span class='ocrx_word' id='word_1_295' title='bbox 903 3634 920 3665; x_wconf 89' lang='lat'>1</span> <span class='ocrx_word' id='word_1_296' title='bbox 935 3655 948 3677; x_wconf 89' lang='lat'>‚</span> <span class='ocrx_word' id='word_1_297' title='bbox 978 3627 1090 3667; x_wconf 80' lang='lat' dir='ltr'><strong>sect.</strong></span> <span class='ocrx_word' id='word_1_298' title='bbox 1111 3635 1166 3680; x_wconf 82' lang='lat' dir='ltr'><strong>v,</strong></span> <span class='ocrx_word' id='word_1_299' title='bbox 1252 3616 1338 3664; x_wconf 88' lang='lat' dir='ltr'><strong>lib.</strong></span> <span class='ocrx_word' id='word_1_300' title='bbox 1358 3615 1438 3665; x_wconf 87' lang='lat' dir='ltr'><strong>De</strong></span> <span class='ocrx_word' id='word_1_301' title='bbox 1459 3623 1578 3680; x_wconf 71' lang='lat' dir='ltr'><strong>qest.</strong></span> <span class='ocrx_word' id='word_1_302' title='bbox 1609 3613 1775 3680; x_wconf 77' lang='lat' dir='ltr'><strong>Pelaq.</strong></span> <span class='ocrx_word' id='word_1_303' title='bbox 1804 3631 1907 3679; x_wconf 82' lang='lat' dir='ltr'><strong>cap.</strong></span> <span class='ocrx_word' id='word_1_304' title='bbox 1944 3610 2001 3675; x_wconf 70' lang='lat'><strong>14</strong></span> <span class='ocrx_word' id='word_1_305' title='bbox 2024 3647 2038 3671; x_wconf 87' lang='lat'><strong>‚</strong></span> <span class='ocrx_word' id='word_1_306' title='bbox 2071 3613 2133 3660; x_wconf 84' lang='lat' dir='ltr'><strong>ait</strong></span> <span class='ocrx_word' id='word_1_307' title='bbox 2154 3609 2262 3659; x_wconf 79' lang='lat' dir='ltr'><strong>Coe-</strong></span> 
     </span>
     <span class='ocr_line' id='line_1_34' title="bbox 165 3683 2269 3763; baseline -0.001 -21"><span class='ocrx_word' id='word_1_308' title='bbox 165 3694 194 3762; x_wconf 73' lang='lat'>§</span> <span class='ocrx_word' id='word_1_309' title='bbox 229 3712 244 3742; x_wconf 87' lang='lat'>1</span> <span class='ocrx_word' id='word_1_310' title='bbox 271 3733 285 3757; x_wconf 91' lang='lat'>‚</span> <span class='ocrx_word' id='word_1_311' title='bbox 322 3696 403 3744; x_wconf 88' lang='lat' dir='ltr'><strong>ubi</strong></span> <span class='ocrx_word' id='word_1_312' title='bbox 437 3695 654 3757; x_wconf 77' lang='lat' dir='ltr'><strong>ostendit,</strong></span> <span class='ocrx_word' id='word_1_313' title='bbox 681 3698 944 3763; x_wconf 82' lang='lat' dir='ltr'><strong>Pelagianos</strong></span> <span class='ocrx_word' id='word_1_314' title='bbox 969 3700 1174 3749; x_wconf 81' lang='lat' dir='ltr'><strong>statuisse</strong></span> <span class='ocrx_word' id='word_1_315' title='bbox 1253 3694 1411 3748; x_wconf 66' lang='lat' dir='ltr'><strong>lectius</strong></span> <span class='ocrx_word' id='word_1_316' title='bbox 1430 3683 1700 3763; x_wconf 15' lang='lat' dir='ltr'><strong>*pelagianus</strong></span> <span class='ocrx_word' id='word_1_317' title='bbox 1732 3713 1746 3746; x_wconf 75' lang='grc' dir='ltr'><strong><em>ε</em></strong></span> <span class='ocrx_word' id='word_1_318' title='bbox 1785 3695 1888 3746; x_wconf 77' lang='lat' dir='ltr'><strong>Dei</strong></span> <span class='ocrx_word' id='word_1_319' title='bbox 1909 3695 2070 3761; x_wconf 78' lang='lat' dir='ltr'><strong>qratia</strong></span> <span class='ocrx_word' id='word_1_320' title='bbox 2095 3708 2269 3743; x_wconf 71' lang='lat' dir='ltr'><strong>seeun-</strong></span> 
     </span>
    </p>
   </div>
  </div>
 </body>
</html>
