2430 4056
225 209 342 275 200.
734 267 747 271 ,Α
989 221 1182 261 ‘rucr-
1207 252 1210 254 .
1229 220 1297 259 »Β
1338 219 1560 261 aum.

1011 366 1488 418 DIFFICULT‘A-TES.

312 519 445 579 438.
493 513 620 592 Obj.
651 514 856 596 prima.
895 514 956 572 1ο
985 510 1287 594 Apostolus
1306 554 1323 584 7
1354 498 1653 597 AetJXlV,
1689 510 1763 569 15
1792 533 1805 568 ε
1836 512 2032 593 pens,
2067 512 2259 594 iuquit
2278 557 2294 587 .,

232 619 301 672 in
321 613 644 690 praeteritis
673 607 1158 687 qenerationihus
1197 606 1432 662 dimisit
1459 598 1654 690 ουηᾲῳε
1680 617 1882 685 ,ρεηιοε
1911 605 2150 684 inqredi
2170 610 2299 665 vias
2382 616 2386 626 ²

231 705 400 777 suan
428 714 484 785 et
505 702 689 778 XVII,
724 700 800 759 30
833 722 846 758 ε
887 700 1175 779 Tempora
1201 691 1382 776 hujus
1405 701 1761 783 iynorantioe
1783 701 2106 778 despiciens
2127 704 2298 758 Deus.

231 799 440 857 Gentes
465 795 635 875 igitur
651 795 809 853 omni
831 795 1059 876 penitus
1076 792 1254 872 gratia
1279 801 1607 850 caruerunt.
1623 792 1702 861 2⁰
1717 793 1989 868 Quaenam
2009 794 2166 852 enim
2187 793 2303 853 fue-

227 893 304 951 rit
324 891 564 948 istarum
587 889 843 968 gentium
872 887 1124 947 conditio
1143 932 1158 960 7
1188 885 1440 945 declarat
1467 883 1622 943 idem
1649 876 1961 967 Apostolus
1981 932 1996 961 7
2023 886 2096 945 ad
2113 886 2304 968 Ephe-

227 985 336 1043 sios
368 983 465 1062 (ΙΙ
488 1029 503 1057 7
535 981 653 1062 1'2)
686 981 936 1040 scribens
986 1004 998 1038 :
1050 981 1263 1041 Eratis
1297 981 1396 1037 illo
1439 982 1507 1035 in
1541 988 1791 1056 tempore
1837 984 1960 1038 sine
2005 980 2297 1039 Christo..

223 1081 638 1157 promissionis
685 1098 842 1155 spem
882 1097 1002 1134 non
1047 1076 1354 1144 hahentes,
1399 1083 1452 1131 et
1494 1069 1624 1130 sine
1656 1073 1779 1131 Deo
1812 1078 1881 1131 in
1918 1074 2022 1132 Ιιοο
2059 1075 2303 1138 mundo.

233 1170 298 1230 30
313 1173 559 1230 Tantum
577 1191 713 1229 vero
733 1169 922 1242 abest,
935 1180 998 1226 ut
1017 1171 1167 1228 Deus
1184 1167 1324 1227 velit
1346 1188 1544 1225 omnes
1560 1177 1757 1244 gentes
1776 1165 1851 1224 ad
1872 1165 2046 1226 fidem
2066 1187 2269 1229 vocare
2284 1212 2300 1242 7

234 1276 302 1323 ut
328 1266 536 1323 Paulus
565 1274 621 1322 et
650 1262 935 1321 Barnabas
956 1308 971 1338 7
1003 1272 1178 1343 prout
1210 1260 1418 1339 legitur
1448 1261 1571 1319 Aet.
1613 1261 1741 1318 XVI
1761 1305 1776 1333 7
1811 1260 1847 1318 6
1867 1305 1882 1335 7
1907 1261 2070 1321 vetiti
2091 1260 2308 1321 fuerint

232 1381 272 1416 a
307 1360 544 1436 Spiritu
574 1358 786 1415 Sancto
822 1359 983 1435 loqui
1012 1357 1257 1423 verbum
1293 1359 1408 1414 Dei
1428 1358 1497 1412 in
1524 1356 1692 1413 Asia.
1727 1355 1889 1434 Ergo,

312 1452 450 1510 439.
498 1453 672 1532 Resp.
704 1451 776 1508 ad
811 1452 887 1508 1ΠΙ
890 1494 911 1522 ,
933 1453 1088 1509 Dist.
1119 1450 1346 1507 Dimisit
1369 1451 1518 1508 Deus
1541 1460 1737 1527 gentes
1757 1449 2118 1528 ingredivias
2141 1471 2269 1509 suas
2289 1495 2305 1522 7

233 1566 296 1604 ae
326 1544 421 1602 illa
452 1546 784 1623 ignorantiae
811 1556 1066 1624 tempora
1091 1543 1354 1623 despexit
1371 1588 1385 1616 7
1407 1563 1526 1600 non
1547 1544 1626 1602 eis
1647 1532 1955 1602 tribuendo
1976 1543 2309 1603 immediate

235 1640 474 1719 gratiam
496 1639 626 1697 fidei
652 1683 667 1713 7
706 1650 876 1718 prout
920 1637 1201 1696 tribuerat
1231 1637 1476 1711 Judaeis7
1530 1658 1718 1711 eono.;
1772 1659 2008 1696 omnem
2050 1635 2309 1697 absolute

230 1733 470 1811 gratiam
495 1732 831 1811 denegando
861 1777 875 1805 7
909 1754 1018 1813 qua
1047 1732 1367 1811 potuissent
1395 1730 1471 1789 ad
1503 1730 1676 1790 fidem
1712 1752 1776 1790 ae
1817 1730 2062 1790 salutem
2098 1752 2308 1812 perve-

233 1827 359 1886 nire
389 1872 403 1900 7
446 1849 571 1905 περ.
618 1830 679 1884 In
725 1837 968 1907 utroque
1007 1827 1162 1885 enim
1201 1825 1325 1884 loeo
1367 1837 1612 1885 testatur
1659 1826 1996 1908 Apostolus7
2034 1848 2156 1885 non
2188 1826 2310 1885 sine

231 1921 560 1979 testimonio
608 1923 790 1978 Deum
842 1942 900 1978 se
950 1920 1245 2001 reliquisse
1280 1966 1294 1994 7
1348 1942 1461 2000 quo
1502 1930 1697 1999 gentes
1751 1920 2076 2000 potuissent
2116 1921 2308 2001 ipsum

231 2036 481 2094 quaerere
526 2025 584 2072 et
629 2015 929 2085 invenire3
976 2014 1132 2094 quod
1181 2015 1303 2072 sine
1358 2014 1534 2093 gratia
1591 2014 1794 2072 saltem
1838 2014 2141 2072 sufficienti
2183 2014 2308 2073 fieri

230 2109 453 2187 nequit.
2213 2181 2220 2188 .

312 2200 448 2257 440.
498 2201 582 2259 Ad
611 2202 717 2270 2¹¹¹,
759 2204 913 2259 Dist.
952 2204 1234 2281 Respeetu
1279 2201 1612 2260 «Iudaeorum
1627 2244 1647 2272 ,
1685 2203 1747 2258 in
1784 2223 2030 2282 quorum
2071 2221 2306 2282 eompa-

232 2294 451 2351 ratione
483 2294 783 2373 Apostolus
827 2295 1099 2374 Ephesios
1138 2295 1275 2352 olim
1319 2294 1559 2372 gentiles
1609 2294 1922 2375 alloquitur
1950 2339 1964 2368 7
2002 2316 2194 2368 eone.,·
2246 2297 2307 2353 in

230 2407 289 2444 se
325 2398 382 2444 et
412 2386 669 2445 absolute
691 2432 704 2459 7
737 2409 863 2467 neq.
901 2398 965 2444 ut
989 2399 1149 2468 patet
1176 2409 1246 2445 ex
1274 2398 1580 2461 contextu3
1609 2388 1750 2446 dicit
1781 2389 1936 2447 enim
1969 2411 2062 2448 eos
2087 2389 2306 2449 aliena-

234 2490 323 2538 tos
358 2480 525 2539 fuisse
558 2502 589 2537 a
619 2483 1049 2542 conversatione
1079 2481 1252 2539 Israel
1282 2492 1338 2540 et
1387 2482 1641 2564 hospites
1668 2493 2161 2542 testamentorum.
2251 2497 2261 2503 “

308 2573 445 2632 441.
494 2575 581 2633 Ad
624 2575 728 2649 31117
758 2577 910 2634 Dist.
960 2575 1026 2633 Id
1068 2586 1152 2634 est
1196 2574 1372 2635 dilata
1415 2586 1499 2635 est
1540 2577 1601 2633 in
1643 2575 1800 2634 aliud
1837 2587 2064 2657 tempus
2106 2576 2306 2658 praedi-

229 2668 371 2726 catio
396 2669 682 2747 Evangelii
711 2671 771 2727 in
801 2671 926 2728 Asia
948 2716 962 2744 7
991 2692 1173 2745 ουτως
1201 2682 1405 2750 negata
1426 2682 1511 2730 est
1537 2671 1969 2752 inperpetuum
1986 2716 2001 2744 7
2026 2693 2153 2751 neq.
2176 2674 2305 2731 Non

226 2912 332 2943 nem
353 2895 495 2962 hujus
528 2896 672 2959 doni,
695 2913 793 2945 non
816 2907 989 2963 oportet
1008 2915 1226 2965 praesup-
1309 2899 1563 2965 Cfnapud
1589 2899 1663 2949 Du
1694 2899 1857 2950 Plessis
1903 2900 2192 2967 d’Argentre,
2231 2920 2307 2967 op.

220 2993 391 3040 ponere
413 2976 601 3041 aliquid
617 2978 754 3026 aliud
776 2979 952 3026 domim
989 2979 1229 3027 habituale
1311 2980 1389 3028 cit.
1417 2980 1497 3028 De
1523 2980 1780 3047 multiplici
1801 3000 1968 3046 yenere
1994 2983 2172 3033 divinae
2195 3001 2308 3049 qra-

224 3059 279 3103 in
313 3059 507 3115 anima,
539 3062 653 3122 quia
697 3062 773 3108 sio
803 3061 1137 3126 procederetur
1176 3064 1231 3108 in
1310 3063 1410 3122 tim,
1434 3072 1518 3111 etc.
1555 3062 1654 3110 Imo
1681 3062 1818 3124 adde,
1850 3063 1939 3113 hoe
1958 3065 2309 3131 effatum7quod

222 3137 467 3199 infinitum
500 3155 514 3199 ς
567 3139 649 3187 sed
692 3149 865 3205 oportet
908 3145 1220 3208 praesupponi
1303 3146 1380 3191 vix
1408 3145 1458 3190 in
1481 3146 1688 3191 terminis
1725 3162 1820 3192 non
1844 3145 2038 3194 habetur
2067 3148 2191 3211 apud
2223 3147 2308 3194 Isi-

222 3215 412 3280 aliquod
445 3219 683 3268 auxilium
721 3225 982 3285 qratuitwm
1017 3222 1118 3270 Dei
1142 3225 1220 3270 in·
1302 3225 1466 3272 dorum
1489 3224 1642 3273 Pelus.
1666 3225 1756 3274 lib.
1791 3243 1820 3274 v
1836 3264 1850 3287 ,
1875 3233 1972 3291 ep.‚
2005 3225 2103 3294 459
2122 3264 2137 3288 ,
2163 3227 2308 3276 Scho-

220 3298 368 3346 terius
397 3301 607 3348 animam
649 3306 873 3352 moventis
894 3341 908 3365 ,
934 3307 1035 3362 sive
1067 3307 1223 3370 ἰ’-περί·
1302 3307 1484 3354 lasticos
1507 3311 1637 3372 juxta
1650 3324 1840 3356 ,sensum
1858 3309 2033 3359 anobis
2048 3311 2322 3374 expositum

218 3380 378 3426 rantis
411 3379 583 3428 bonum
607 3387 921 3449 propositum.
954 3386 1056 3434 His
1091 3388 1223 3435 enim
1306 3388 1584 3436 hausissevex
1602 3391 1801 3455 antiquis
1822 3390 2064 3455 Patribus,
2085 3398 2324 3439 mosten-1

219 3457 402 3507 duobus
430 3462 577 3517 modis
606 3464 872 3530 indiqemus
901 3467 1083 3515 auxilio
1101 3467 1219 3518 Dei.
1245 3514 1250 3524 ,
1304 3470 1379 3518 dit·
1391 3468 1464 3518 Cl.
1487 3469 1666 3519 isaacus
1686 3470 1859 3520 Habert
1879 3510 1892 3534 7
1927 3490 2004 3538 op.
2024 3475 2100 3521 eit.
2136 3469 2304 3519 Theol.

217 3538 325 3614 Haee
337 3542 641 3613 interpretatio
657 3549 909 3596 communis
922 3548 1015 3597 fere
1027 3555 1099 3597 est
1113 3549 1218 3614 plu-
1305 3549 1463 3602 Graeo.
1493 3545 1696 3598 Petrum
1719 3587 1735 3612 ,
1765 3551 1847 3602 lib.
1875 3571 1892 3601 1
1917 3589 1932 3614 ,
1961 3568 2210 3619 cap-vum,
2232 3549 2323 3616 §§.

214 3621 356 3687 ribus-⁴
374 3625 574 3691 antiquis
603 3623 888 3686 Scholasticis
903 3629 1028 3685 ,illius
1047 3631 1216 3679 aetatis.
1245 3673 1249 3681 .
1304 3634 1548 3695 praesertim
1583 3632 1613 3681 3
1630 3643 1673 3683 et
1685 3631 1732 3696 4.
1762 3678 1765 3681 ,
