2540 4074
314 243 427 303 108
1067 260 1260 301 macr.
1304 263 1372 299 mi
1415 259 1643 301 GRATIA.

310 405 653 465 catholicam*
673 395 995 462 doctrinam
1031 403 1194 462 nulla
1227 423 1399 484 opera
1422 402 1951 486 naturaliasspossint
1979 405 2197 470 habere
2224 409 2398 468 ratio-

309 521 447 560 nem
474 499 662 558 meriti
688 543 703 571 .‚
744 519 857 578 quo
889 499 1040 556 Deus
1063 516 1423 578 quacumque
1463 497 1688 558 ratione
1715 513 2128 582 permoveatur
2153 502 2228 562 ad
2259 525 2402 586 gra-

310 596 450 653 tiam
485 613 644 650 suam
680 591 1085 649 conferendam
1110 591 1217 669 (l).

307 741 310 743 ,
388 688 523 746 220.
571 670 723 745 Licet
761 708 932 766 porro
964 686 1084 745 haec
1118 686 1395 746 catholica
1432 687 1694 747 doctrina
1719 690 1907 750 affinis
1935 694 2176 752 omnino
2206 695 2282 753 sit
2311 695 2363 754 ei
2385 740 2400 770 ,

309 803 480 862 quam
521 781 706 861 capite
746 780 1092 862 praecedenti
1133 776 1554 842 declaravimus
1603 783 1675 842 de
1722 788 2062 848 necessitate
2101 791 2282 869 gratia
2331 789 2406 848 ad

308 874 549 955 quodvis
594 897 736 955 opus
774 876 1212 956 supernaturale
1238 877 1642 959 incipiendum
1679 900 1743 937 ac
1775 883 2196 961 perficiendum
2222 930 2238 962 7
2268 905 2402 943 cum

309 970 510 1029 eadem
556 981 752 1030 tamen
802 972 1133 1051 permisceri
1182 995 1303 1031 non
1347 973 1541 1033 debet.
1589 975 1735 1033 Fieri
1793 977 1951 1035 enim
2002 977 2264 1038 absolute
2301 1002 2402 1038 seu

307 1065 370 1122 in
399 1065 504 1122 alia
534 1066 896 1146 providentia
924 1078 1120 1147 posset
1138 1112 1153 1141 ‚
1181 1080 1242 1126 ut
1260 1070 1578 1128 necessaria
1608 1081 1758 1128 esset
1777 1072 1957 1149 gratia
1986 1073 2058 1132 ad
2076 1094 2222 1154 opus
2245 1071 2405 1130 salu-

307 1170 429 1217 tare
463 1160 851 1241 incipiendum
897 1182 960 1219 ac
999 1163 1453 1242 perficiendum,
1495 1185 1603 1223 nec
1646 1176 1844 1224 tamen
1883 1168 2131 1245 gratuita
2173 1168 2248 1226 sit
2281 1166 2404 1226 haec

320 1253 440 1333 ipsa
477 1255 684 1332 gratia⁷
711 1257 1002 1336 quajuopus
1027 1259 1468 1339 supernaturale
1509 1260 1787 1340 incipitur
1806 1281 1871 1320 ac
1906 1262 2224 1342 perficitur.

1137 1481 1566 1536 PROPOSITIO.

307 1643 525 1703 Gratia
569 1658 652 1705 est
684 1654 924 1708 omnino
946 1657 1225 1729 yrataita
1245 1696 1266 1724 ,
1292 1675 1396 1711 sen
1420 1656 1594 1711 nulla
1627 1675 1806 1733 opera
1833 1654 2067 1712 ordinis
2098 1652 2405 1711 naturalis

376 1753 628 1817 possunt
658 1750 877 1802 mereri
899 1751 1172 1825 qratiam
1208 1752 1327 1806 sive
1366 1748 1435 1806 de
1456 1749 1746 1828 condiqno
1779 1752 1898 1806 sive
1927 1749 1996 1806 de
2032 1768 2312 1827 conqruo.

381 1976 518 2033 221.
542 1978 671 2035 Haec
700 1978 1014 2058 propositio
1038 1981 1293 2061 pertinet
1318 1979 1391 2038 ad
1416 1979 1595 2040 fidem
1617 2026 1632 2054 7
1654 2001 1779 2061 quae
1810 1979 2095 2039 declarata
2114 1989 2200 2038 est
2218 1979 2281 2037 in
2297 1980 2406 2059 Sy-

303 2070 454 2128 nodo
479 2072 866 2153 Diospolitana
886 2118 902 2147 ‚
926 2075 987 2132 in
1021 2097 1130 2156 qua
1161 2075 1422 2155 Pelagius
1454 2077 1783 2157 compulsus
1803 2088 1890 2135 est
1915 2076 2214 2151 confiteri,
2240 2077 2404 2135 Gra-

298 2170 448 2224 tiam
472 2169 656 2226 Dei...
703 2190 825 2227 non
861 2172 1009 2228 dari
1037 2173 1366 2229 secundum
1392 2177 1610 2230 merita
1634 2184 1838 2230 nostra
1852 2170 1976 2252 (2);
2011 2183 2069 2229 et
2101 2171 2314 2229 iterum
2337 2170 2402 2228 in

296 2261 521 2339 Synodo
545 2264 884 2322 Arausicana
914 2267 964 2324 ΙΙ
994 2311 1008 2339 ,
1036 2287 1159 2348 cap.
1188 2268 1257 2325 VI
1274 2313 1288 2340 ,
1310 2266 1396 2324 his
1420 2265 1610 2327 verbis
1629 2290 1647 2325 .·
1667 2268 1897 2345 Siquis
1913 2271 2040 2325 sine
2049 2271 2257 2346 qratia
2280 2267 2403 2325 Dei

294 2358 695 2434 credentibus,
726 2362 1085 2433 volentibus,
1112 2364 1626 2434 desiderantibus,
1651 2364 2010 2421 conantibus
2029 2407 2045 2433 ᾖ
2073 2363 2400 2420 laboranti-

294 2452 404 2508 bus
422 2497 436 2525 a
463 2456 798 2530 petentibus
826 2501 841 2529 ‚
869 2459 1307 2535 quaerentibus,
1319 2459 1716 2537 pulsantibus
1731 2460 1903 2516 nobis
1919 2457 2399 2516 misericordiam

294 2546 442 2602 dicit
461 2552 726 2625 conferri
741 2553 1037 2610 divinitus
1055 2598 1069 2625 ,
1087 2565 1425 2611 nouantem
1442 2565 1513 2611 nt
1539 2555 1858 2612 credamus
1872 2596 1892 2625 ,
1915 2564 2039 2612 etc..
2069 2564 2125 2610 et
2145 2563 2258 2610 aut
2281 2551 2398 2609 lm—

293 2642 540 2698 militati
573 2655 683 2700 aut
717 2647 1057 2705 obedientia-3
1080 2650 1365 2707 hnmanae
1404 2651 1725 2729 suby'urzyit
1738 2654 1953 2729 =qratioe
1970 2649 2392 2727 adjutorium..

291 2739 515 2793 resistit
540 2738 806 2815 Apostolo
829 2742 1065 2801 {dicenti
1096 2768 1112 2801 :
1159 2745 1324 2822 Quid
1344 2746 1522 2804 habes
1538 2789 1561 2817 ,
1592 2747 1755 2824 qnod
1779 2766 1900 2803 non
1932 2743 2258 2824 accepisti?
2286 2754 2342 2802 et
2374 2764 2387 2799 :

294 2829 512 2889 Gratia
539 2833 655 2891 Dei
679 2855 815 2892 sum
837 2836 908 2892 id
930 2838 1091 2914 quod
1117 2860 1252 2897 sum
1275 2839 1397 2920 (3);
1425 2850 1483 2900 et
1507 2841 1760 2922 apertius
1790 2840 1966 2899 etiam
1995 2861 2120 2922 cap.
2154 2839 2340 2899 XVIII
2369 2860 2382 2895 :

360 3064 423 3126 (l)
458 3064 524 3111 Ex
552 3066 623 3114 his
656 3067 734 3116 lux
782 3069 989 3118 dimanat
1027 3071 1086 3118 ad
1125 3071 1292 3136 digno·
1376 3076 1583 3138 gustinus
1612 3075 1746 3140 plane
1782 3076 2062 3139 gratuitam,
2107 3076 2227 3124 dum
2257 3073 2390 3125 Pela-

292 3144 507 3218 scendam
539 3142 887 3199 controversiam
913 3152 971 3200 de
999 3153 1294 3217 praedestina-
1376 3158 1498 3220 giani
1547 3167 1592 3205 et
1644 3156 1995 3222 Semipelagiani
2050 3176 2104 3207 ex
2166 3161 2388 3224 principio

290 3227 447 3283 tione,
480 3244 577 3291 quae
616 3231 759 3294 viguit
790 3235 905 3281 inter
948 3234 1212 3300 Pelagianos
1243 3253 1296 3286 ac
1377 3238 1589 3287 haeretico
1611 3239 1989 3301 contendebant,
2012 3241 2228 3290 homines
2260 3258 2391 3307 posse

290 3305 677 3373 Semipelagianos
735 3307 799 3360 etv
829 3313 879 3363 S.
935 3316 1287 3383 Augustinum3
1371 3323 1571 3385 propriis
1610 3323 1782 3370 meritis
1827 3322 2114 3371 naturalibus
2152 3340 2254 3372 eam
2299 3323 2387 3370 sibi

288 3406 455 3454 nempe
481 3401 653 3439 certum
681 3394 789 3443 inde
818 3395 870 3442 fit
890 3434 901 3455 ‚
929 3409 1081 3447 actum
1110 3418 1205 3449 esse
1231 3401 1290 3450 de
1373 3419 1638 3467 comparare
1657 3440 1671 3464 ‚
1704 3420 1759 3451 ac
1789 3419 1837 3452 se
1872 3422 1897 3452 a
1925 3422 2020 3453 non
2057 3404 2388 3471 praedestinatis

286 3471 687 3535 praedestinatione
708 3475 984 3541 adaequata,
1018 3491 1069 3529 ut
1096 3494 1290 3544 vocant,
1375 3471 1654 3533 discernere.

284 3552 342 3599 ad
369 3555 560 3616 gratiam
591 3555 763 3604 scilicet
789 3569 832 3605 et
855 3560 911 3608 ad
929 3561 1135 3624 gloriam.
1171 3564 1288 3612 Prae-
1441 3565 1511 3631 (2)
1548 3565 1662 3630 Cap.
1696 3583 1745 3630 7.

283 3631 639 3684 destinationem
660 3654 857 3703 namque
877 3641 935 3688 ad
953 3645 1142 3705 gratiam
1158 3648 1289 3710 juxta
1444 3646 1508 3712 (3)
1545 3647 1660 3713 Cap.
1694 3645 1746 3697 6.

286 3714 543 3765 doctrinam
571 3718 838 3768 catholicam
868 3722 1089 3773 adstruxit
1120 3725 1167 3775 S.
1192 3727 1289 3775 Au*
