2430 4056
197 188 316 248 232
944 180 1143 236 raher.
1189 195 1258 232 m:
1301 195 1522 234 anun.

200 347 401 406 afferre
428 340 740 401 doctrinam
785 334 1019 394 Concilii
1054 331 1376 392 Tridentini
1403 334 1547 392 cirea
1576 351 1767 391 causas
1797 328 2218 411 justificationis
2236 372 2259 400 ,

200 459 322 521 quae
353 439 431 494 ita
479 454 537 491 se
575 429 750 488 habet
795 451 808 485 ε
849 429 1057 506 Hujus
1093 427 1574 503 sanctificationis
1612 447 1805 485 eausoe
1850 434 1996 481 sunt
2021 445 2040 480 :
2056 423 2264 499 finalis

197 531 429 611 quidem
472 526 664 603 yloria
710 524 827 581 Dei
880 531 933 578 et
978 521 1201 579 Christi
1259 529 1312 576 et
1355 525 1481 578 vita
1530 528 1782 592 aeterium
1829 519 2075 596 efficiens
2127 533 2256 574 vero

197 626 521 684 misericors
562 620 717 675 Deus
743 657 762 686 ,
804 622 917 692 qui
937 618 1203 692 gratuito
1226 614 1423 671 abluit
1447 624 1501 670 et
1521 616 1852 695 sanctificat
1869 655 1890 684 ,
1937 617 2182 691 siquans
2215 622 2270 669 et

194 735 412 793 unqens
435 712 672 789 Spiritu
694 711 1108 786 promissionis
1140 707 1353 796 Saiwto
1373 749 1394 776 ,
1417 710 1528 784 qui
1547 717 1628 764 est
1647 712 1872 786 pignus
1901 707 2267 764 luet-edicatis

198 817 405 865 nostrae
428 828 449 870 ,·
477 806 784 861 meritoria
825 811 1021 858 autem
1058 800 1472 858 dilectissimus
1509 800 1860 878 Uniqenitus
1897 822 2044 858 suus
2068 801 2148 857 D.
2178 797 2261 857 Ν.

191 901 254 961 J.
297 899 361 957 C.
395 902 504 976 qui
512 939 532 968 ,
555 918 693 955 eum
715 916 961 954 essemus
1000 897 1246 951 inimici
1257 936 1278 964 ,
1304 903 1552 972 propter
1575 897 1835 951 nimiam
1866 894 2218 952 ’charitatem
2244 936 2259 966 ‚

193 1015 314 1073 qua
339 993 545 1050 dilexit
579 1011 682 1048 nos
697 1033 719 1063 2
748 1012 857 1047 sua
892 991 1264 1077 sanctissima
1291 991 1568 1066 passione
1594 990 1662 1043 in
1686 988 1845 1065 liquo
1872 990 2069 1044 erucis
2093 987 2263 1044 nobis

174 1088 662 1166 justificationem
676 1087 915 1153 meruit,
943 1093 1118 1161 etpro
1132 1084 1301 1140 nohis
1323 1083 1508 1141 Patri
1518 1083 1820 1158 satisfecit3
1843 1085 2266 1138 instrumenta-

193 1183 268 1238 lis
302 1185 439 1237 item
484 1187 918 1235 sacramentum
956 1177 1240 1254 baptismi
1256 1219 1277 1247 ,
1328 1176 1487 1254 quod
1511 1185 1593 1232 est
1612 1185 2056 1232 sacramentum
2091 1173 2265 1251 fidei,

192 1278 318 1331 sine
348 1294 465 1349 qua
490 1272 644 1327 nulli
665 1291 936 1347 unquam
971 1274 1218 1349 eontiqit
1229 1270 1610 1347 justificatio.
1639 1270 1900 1327 Demum
1927 1272 2112 1325 unica
2133 1271 2266 1345 for-

193 1368 368 1424 malis
392 1386 571 1423 eausa
597 1374 679 1421 est
691 1366 944 1440 justitia
978 1365 1136 1435 Dei,
1186 1385 1305 1421 non
1339 1385 1458 1442 qua
1480 1368 1602 1440 ipse
1618 1366 1829 1440 justus
1869 1372 1982 1427 est,
2023 1362 2125 1432 sed
2144 1382 2265 1439 qua

193 1480 297 1516 reos
298 1463 493 1535 justos
508 1461 664 1534 facit
677 1499 698 1527 ,
724 1479 841 1535 qua
866 1458 1129 1516 videlieet
1147 1459 1223 1515 ab
1250 1478 1309 1515 eo
1349 1461 1635 1515 instructi
1664 1476 2023 1514 renovamur
2044 1458 2266 1533 spiritu.

195 1556 404 1610 mentis
452 1562 660 1608 uostroe
686 1562 718 1620 ,'
745 1562 849 1608 eto.
897 1551 1011 1630 (l).
1046 1550 1275 1609 Sublata
1302 1551 1410 1609 hoo
1432 1549 1627 1608 ·modo
1662 1550 1821 1608 omni
1858 1547 2263 1627 ambiguitate,

196 1666 442 1729 pronum
476 1644 582 1701 erit
610 1688 625 1716 .,
666 1643 883 1720 objecta
924 1646 1346 1725 Scripturarum
1369 1644 1696 1703 testimonia
1733 1643 1958 1723 aliaque
1986 1640 2270 1719 ejusmodi

205 1738 532 1818 explanare,
566 1758 875 1818 eorumque
897 1759 1093 1799 veram
1109 1760 1172 1797 ac
1186 1759 1517 1817 germanam
1535 1738 2005 1816 significationem
2030 1737 2270 1816 assequi.

280 1831 415 1888 508.
463 1830 550 1888 Ad
601 1832 685 1888 2¹¹¹
730 1852 828 1889 seu
883 1832 962 1888 1Πι
1000 1831 1227 1913 probat.
1265 1835 1419 1892 Dist.
1471 1834 1549 1890 Ut
1582 1832 1846 1891 inveniar
1888 1831 1951 1887 in
1995 1829 2093 1888 illo
2149 1851 2271 1888 non

194 1923 410 1982 habens
446 1945 638 1981 meam
658 1925 941 2000 justitiam
958 1968 980 1995 ,
1020 1925 1081 1982 id
1111 1937 1196 1984 est
1218 1970 1233 1999 7
1261 1930 1583 2004 propriam
1610 1923 2072 2005 independenter
2092 1944 2123 1980 a
2147 1944 2273 1982 me-

199 2019 320 2075 ritis
361 2017 608 2091 Christi,
654 2039 850 2091 eone.,·
889 2020 1208 2099 propriam,
1246 2019 1308 2077 id
1357 2031 1479 2092 est,
1526 2019 1897 2076 intrinsecam
1942 2026 2050 2076 'seu
2087 2017 2270 2075 inhae-

205 2122 429 2170 rentem
469 2133 574 2192 per
616 2111 825 2170 Christi
874 2114 1078 2171 merita
1118 2118 1351 2194 ejusque
1391 2114 1632 2193 gratiam
1657 2157 1672 2184 ,
1711 2133 1839 2190 περ).
1878 2111 1957 2169 Ut
1993 2121 2152 2191 patet
2194 2132 2265 2168 ex

204 2216 469 2263 contextu
491 2249 508 2279 ,
552 2206 613 2263 in
654 2227 766 2285 quo
801 2207 1105 2285 Apostolus
1147 2208 1386 2288 opponit
1414 2207 1697 2284 justitiam
1723 2205 1998 2283 legalem,
2026 2205 2270 2286 propriis

198 2299 415 2357 meritis
444 2310 669 2380 partam
693 2344 708 2372 7
722 2301 986 2377 justitiae,
1019 2322 1216 2381 quam,
1241 2323 1344 2381 per
1363 2300 1538 2359 fidem
1558 2300 1620 2357 in
1648 2299 1943 2358 Christum
1957 2298 2260 2379 consequi-

197 2391 399 2450 murob
449 2397 567 2469 ejus
606 2394 830 2451 merita.

279 2486 414 2545 509.
462 2487 548 2545 Ad
593 2488 708 2559 3¹1²,
758 2490 912 2547 Dist.
961 2490 1217 2549 Christus
1262 2490 1440 2549 factus
1492 2501 1578 2549 est
1613 2489 1778 2548 nobis
1810 2488 2136 2567 justificatio
2184 2492 2272 2567 ef-

190 2580 453 2656 sicienter
484 2592 542 2639 et
569 2586 866 2641 meritorie
887 2628 903 2657 .,
953 2606 1108 2644 eone.
1129 2601 1157 2659 ¹,-
1191 2587 1565 2663 f'ormaliter,
1617 2606 1744 2664 neq.
1773 2583 2153 2663 Metonymice
2179 2582 2274 2642 hic

200 2672 506 2752 siquidem7
544 2686 608 2732 ut
642 2675 780 2734 alibi
820 2679 1061 2757 passim,
1106 2680 1339 2739 effectus
1386 2701 1492 2760 pro
1534 2699 1698 2737 causa
1735 2678 2012 2759 ponitur3
2046 2688 2146 2752 ut,
2178 2679 2269 2736 Ps.

200 2766 376 2825 XXVI
405 2812 420 2842 ,
473 2769 507 2830 l¹
537 2812 552 2841 .,
602 2769 791 2848 inquit
827 2771 1009 2831 David
1052 2794 1065 2829 ε
1114 2775 1413 2834 Dominus
1452 2775 1817 2832 illuminatio
1858 2794 1990 2830 mea
2035 2783 2090 2830 et
2113 2773 2274 2831 salus

203 2879 327 2918 mea
350 2904 370 2931 ,
401 2861 461 2918 id
494 2873 597 2936 est,
630 2883 794 2921 causa
825 2863 1260 2926 illuminationis
1301 2878 1359 2927 et
1385 2856 1601 2926 salutisss

282 2952 418 3011 510.
465 2956 547 3013 Ad
587 2956 669 3013 4111
697 3002 713 3031 ,
743 2960 900 3018 Dist.
946 2959 1011 3017 Id
1042 2971 1151 3034 est,
1177 2963 1346 3020 Pater
1368 2963 1498 3020 fecit
1526 2962 1816 3021 Christum
1846 2971 2141 3043 peccatum
2162 2960 2275 3018 im-

206 3049 431 3125 proprie
453 3093 467 3122 ,
507 3070 716 3132 nempe
757 3074 889 3111 eum
921 3054 1053 3113 feeit
1090 3055 1335 3114 hostiam
1372 3079 1478 3138 pro
1514 3068 1746 3137 peceato
1760 3100 1782 3129 ,
1832 3077 2035 3128 eone.;
2074 3075 2277 3135 pecca-

206 3148 333 3197 tum
380 3161 548 3199 sensu
591 3147 819 3226 proprio
865 3159 924 3206 et
966 3149 1224 3223 formali,
1264 3173 1392 3230 neq.
1439 3152 1559 3210 Hoc
1617 3152 1775 3210 enim
1809 3150 2119 3210 absurdum
2165 3159 2271 3208 est.

210 3231 358 3290 Hinc
391 3255 660 3312 negamus
706 3241 1001 3301 Christum
1036 3265 1208 3303 sensu
1258 3246 1516 3326 exposito
1550 3245 1778 3303 nonnisi
1812 3246 2128 3304 extrinsece
2150 3265 2279 3326 pec-

208 3336 399 3383 catum
451 3328 660 3395 factum
707 3354 869 3411 esse3
921 3359 1059 3398 nam
1108 3361 1242 3400 vere
1287 3340 1471 3399 hostia
1496 3410 1499 3413 .
1525 3361 1634 3420 pro
1687 3351 1919 3421 peccato
1967 3340 2146 3399 faetus
2188 3349 2276 3399 est

215 3417 495 3503 Christus·
519 3424 752 3486 Constat
794 3441 1096 3514 propterea
1115 3478 1131 3508 ,
1170 3455 1403 3495 sensum
1441 3433 1742 3495 antithesis
1780 3436 1842 3495 in
1882 3457 1949 3496 eo
1979 3455 2100 3496 esse
2122 3478 2140 3508 ‚
2168 3442 2234 3491 ut
2252 3424 2274 3504 ,'

276 3620 337 3683 (l)
373 3620 485 3673 Sess.
520 3642 565 3674 vn
583 3662 597 3688 ‚
620 3611 721 3694 capi
749 3647 797 3697 7.
