2430 4056
236 155 352 234 2'28
487 202 489 205 ⁴
934 159 937 163 ’
1013 179 1206 223 ruer.
1249 182 1317 220 mi
1358 181 1578 221 cmm.
1640 154 1642 157 ’

236 337 457 394 diaerit
467 374 488 404 ,
515 331 770 388 homines
789 345 906 404 per
941 345 1071 406 eam
1105 327 1297 404 ipsam
1321 321 1642 397 (justitiam
1676 318 1883 379 Christi
1911 317 1934 396 )
1965 295 2297 396 formaliter

215 434 411 508 justos
433 445 576 493 esse,
624 421 939 478 anathema
980 400 1073 476 sit.
1117 417 1253 474 Can.
1299 415 1429 472 XI:
1459 415 1531 473 Si
1567 418 1700 493 quis
1738 415 2001 483 dixerit,
2034 413 2295 473 homines

213 519 543 600 justificari
573 515 660 572 vel
689 514 809 571 sola
848 513 1235 590 amputatione
1255 510 1513 583 justitias
1562 508 1822 581 Christi
1870 508 1956 565 vel
1988 507 2112 564 sola
2153 527 2297 586 pec-

230 624 488 672 catorum
529 610 896 678 remissione,
940 609 1172 662 exclusa
1202 606 1406 680 qratia
1430 609 1486 657 et
1530 600 1848 675 charitate,
1892 622 2026 679 quoe
2057 605 2122 658 in
2165 621 2295 659 cor—

229 707 402 764 dibus
426 722 626 760 eorum
642 720 756 778 per
785 699 1084 777 Spiritum
1108 697 1168 754 S.
1196 695 1606 774 diffundatur,
1628 704 1800 773 atque
1829 697 1951 753 illis
1973 696 2285 766 inhoereat,

225 810 334 858 aut
355 802 566 854 eticam
543 798 835 875 qratiam,
861 814 982 871 qua
988 791 1407 870 justificamur
1417 831 1441 860 ,
1464 807 1576 845 esse
1598 796 1834 847 tantum
1845 792 2115 868 favorem
2139 791 2289 860 Dei,

225 892 539 951 anathema
566 892 657 947 sit.

302 985 435 1043 502.
468 985 626 1041 Hanc
646 1002 815 1064 porro
835 980 970 1039 fidei
992 981 1292 1039 veritatem
1312 977 1585 1038 adversus
1608 976 1915 1037 recensitos
1931 979 2290 1038 Novatorum

223 1100 438 1140 errores
483 1079 560 1134 ita
604 1077 665 1133 in
704 1077 898 1156 primis
947 1074 1289 1133 adstruimus
1336 1094 1349 1129 :
1404 1070 1939 1146 Justificatiojuxta
1973 1072 2290 1151 Scripturas

220 1197 338 1234 non
364 1175 424 1231 in
453 1172 567 1230 sol-a
601 1182 957 1252 peccatorum
996 1169 1326 1228 remissione
1367 1167 1578 1225 forensi
1605 1166 1866 1224 consistit
1885 1209 1901 1239 ,
1933 1164 2028 1225 vel
2055 1176 2292 1225 externa

214 1268 449 1348 justitiae
475 1265 681 1324 Christi
702 1265 1076 1345 imputatione
1115 1310 1129 1338 7
1155 1263 1257 1321 sed
1280 1263 1339 1319 in
1358 1261 1615 1320 interiori
1634 1259 2007 1319 renovatione
2026 1305 2042 1334 a
2079 1260 2126 1318 si
2154 1261 2293 1340 ipsae

221 1361 504 1440 conceptis
529 1358 715 1417 vcrbis
732 1370 1014 1417 testentur
1034 1403 1050 1432 o
1069 1358 1130 1415 in
1144 1357 1543 1435 justificatione
1576 1354 1914 1413 charitatem
1931 1375 2030 1412 seu
2053 1355 2293 1431 gratiam

221 1454 466 1514 diffundi
504 1454 565 1510 in
602 1451 861 1511 cordibus
896 1453 1103 1510 nostris
1138 1497 1153 1526 .,
1203 1473 1266 1511 ac
1307 1452 1386 1510 ita
1427 1448 1673 1508 diffundi
1699 1494 1715 1523 7
1763 1459 1828 1506 ut
1871 1446 2291 1506 abundantiam

221 1552 393 1631 ipsius
422 1550 610 1627 gratiae
648 1549 709 1606 in
740 1547 902 1606 nobis
928 1548 1262 1629 accipientes
1292 1566 1693 1626 regeneremur
1722 1555 1782 1603 et
1808 1564 2156 1605 renovemur
2175 1586 2191 1614 ,
2224 1561 2290 1600 ac

223 1647 371 1702 Deus
397 1645 456 1700 in
489 1642 652 1701 nobis
678 1643 1031 1700 mansionem
1058 1663 1161 1722 per
1182 1641 1421 1720 gratiam
1446 1662 1609 1698 suam
1636 1638 1823 1697 faciat.
1852 1640 1983 1696 Jam
2015 1658 2153 1696 vero
2171 1636 2294 1695 haec

215 1740 409 1796 omnia
427 1737 866 1796 luculentissime
888 1739 1062 1795 Sacrae
1080 1737 1301 1795 Litterae
1329 1736 1637 1793 affirmant.
1669 1734 1918 1807 Etenim7
1943 1735 2113 1792 Rom.
2143 1732 2206 1804 V,
2226 1730 2286 1806 5.,

220 1832 412 1890 scribit
439 1831 736 1912 Apostolus
772 1854 784 1889 :
837 1833 1108 1891 Charitas
1148 1833 1274 1890 Dei·
1302 1831 1521 1909 diffusa
1544 1840 1627 1887 est
1659 1834 1728 1886 in
1767 1829 2045 1886 cordibus
2073 1828 2291 1885 nostris

208 1949 322 2005 per
355 1930 649 2005 Spiritum
672 1929 957 1985 Sanctum
972 1970 992 1998 ,
1021 1931 1131 2005 qui
1166 1928 1337 1985 datus
1365 1936 1447 1983 est
1469 1927 1636 1982 nobis
1663 1948 1678 1996 ε,
1709 1934 1768 1981 et
1789 1915 1845 1982 v.
1882 1922 1952 1980 17
1976 1967 1991 1994 .,
2033 1920 2104 1979 dc
2118 1921 2288 1997 justis

218 2022 577 2100 prosequitur
628 2043 642 2076 ε
695 2022 1150 2079 Abundantium
1195 2023 1407 2099 qratz'oe
1458 2029 1513 2076 et
1558 2019 1893 2074 donationis
1940 2026 1994 2073 et
2024 2018 2290 2092 justitia}

217 2120 562 2193 accipientes
585 2158 609 2187 ,
660 2121 729 2173 in
770 2122 889 2174 vita
932 2118 1267 2195 reynabunt
1293 2137 1409 2194 per
1448 2135 1642 2173 unum
1691 2115 1901 2172 Jesum
1960 2111 2283 2171 Christum.

218 2209 461 2265 Rursum
495 2209 555 2265 in
592 2209 768 2288 Epist.
811 2209 884 2267 ad
906 2211 1014 2267 Tit.
1050 2211 1166 2282 111,
1203 2209 1239 2266 5
1272 2231 1284 2265 :
1333 2211 1568 2278 Salvos,
1610 2208 1833 2286 inquit,
1866 2226 1970 2263 ‘nos
2005 2208 2150 2282 fecit
2170 2224 2287 2283 per

214 2302 520 2358 lavacrum
546 2323 1017 2359 REGENERA'rmms
1048 2314 1101 2359 et
1116 2323 1510 2363 RENovAuoms
1547 2302 1815 2378 Spiritus
1840 2300 2078 2374 Sancti,
2109 2318 2283 2377 quem

211 2394 413 2471 effudit
432 2398 500 2451 in
527 2415 630 2451 nos
653 2395 887 2452 abunde
898 2416 1015 2473 per
1034 2396 1238 2454 Jesum
1267 2396 1569 2453 Christum
1592 2394 1953 2451 Salvatorem
1976 2403 2283 2462 nostrum,

214 2498 281 2543 ut
289 2488 610 2565 justificati
630 2492 832 2567 qratia
857 2493 1049 2568 ipsius
1086 2491 1335 2549 haeredes
1372 2494 1562 2547 simus
1602 2489 1928 2546 secundum
1948 2508 2110 2566 spem
2144 2491 2279 2547 vitoe

215 2591 461 2640 aeternoe.
515 2582 770 2641 Christus
804 2585 925 2664 ipse
951 2589 1075 2661 jam
1121 2585 1380 2656 dixerat,
1415 2586 1584 2644 Joan.
1628 2586 1742 2656 ΙΙΙἾ
1783 2584 1819 2639 5
1862 2604 1886 2639 ·:
1957 2582 2107 2641 Nisi
2144 2587 2280 2660 quis

213 2695 463 2732 annuus
482 2679 675 2753 fuerit
697 2698 767 2734 ea·
792 2699 952 2755 aqua
971 2690 1025 2736 et
1055 2681 1292 2757 Spiritu
1317 2680 1530 2737 Sancto
1549 2722 1567 2749 ,
1589 2699 1708 2736 non
1724 2687 1909 2756 potest
1933 2679 2183 2734 introire
2206 2680 2278 2736 in

213 2789 461 2847 reqnum
499 2771 627 2828 Dei.
670 2772 840 2849 Quod
871 2781 1082 2829 uatum
1121 2783 1203 2830 est
1224 2794 1295 2831 ea'
1329 2794 1509 2831 carne
1548 2793 1720 2843 caro,
1745 2782 1860 2837 est,·
1894 2771 2055 2849 quod
2083 2793 2276 2830 lurum

211 2884 304 2919 Es‘r
348 2885 419 2921 Ex
456 2865 723 2936 Smm‘rur,
775 2867 1041 2945 Spiritus
1088 2878 1188 2924 est.
1229 2869 1298 2926 Et
1335 2866 1476 2925 ibid.
1514 2868 1643 2926 XIV
1675 2912 1689 2941 ‚
1754 2866 1832 2925 23
1857 2911 1873 2939 .,
1931 2865 2007 2924 de·
2041 2865 2277 2926 homine

210 2959 357 3030 justo
391 2957 819 3021 affirmaverat:
848 2960 950 3019 Ad
979 2981 1114 3018 eum
1154 2966 1449 3020 veniemus
1475 2972 1528 3019 et
1558 2966 1925 3020 mansionem
1943 2961 2117 3039 apud
2138 2982 2276 3020 eum

206 3051 530 3127 faciemus
581 3053 778 3134 utique
807 3075 912 3135 per
945 3054 1186 3133 gratiam
1206 3054 1409 3114 saltem
1433 3056 1833 3115 inhaerentem.
1873 3056 2036 3161 Ergo.

292 3141 424 3201 503.
463 3147 544 3203 Ex
578 3146 834 3207 Patribus
866 3170 1048 3207 unum
1089 3149 1443 3230 appellamus
1474 3151 1889 3229 Augustinum,
1927 3149 2027 3231 qui
2057 3149 2119 3207 in
2158 3148 2263 3209 lib.

212 3233 300 3290 De
320 3240 467 3312 spir.
510 3249 563 3295 et
595 3242 704 3298 litt.
752 3262 872 3323 cap.
902 3244 1010 3317 IX,
1042 3242 1285 3324 loquens
1320 3244 1392 3304 de
1416 3244 1863 3323 justificatione,
1891 3266 2066 3325 quam
2093 3244 2272 3327 adipi-

209 3326 417 3385 scimur
448 3351 552 3410 per
574 3332 777 3412 fidem
820 3357 932 3417 qua
972 3338 1277 3398 creditur
1261 3361 1323 3397 1n
1356 3339 1678 3414 Christum,
1712 3340 1792 3397 ait
1841 3340 2055 3398 ·Sicut
2073 3351 2274 3399 autem

208 3421 320 3477 ista
342 3423 485 3499 fides
513 3426 733 3486 Christi
753 3431 911 3489 dicta
934 3442 1047 3502 est,
1076 3453 1194 3492 nou
1217 3455 1340 3512 qua
1363 3434 1549 3491 credit
1590 3433 1904 3505 Christus,
1952 3439 2039 3492 sic
2066 3442 2121 3492 et
2159 3433 2267 3491 illa

202 3514 436 3583 qustitia
457 3518 577 3577 Dei
588 3565 603 3594 ‚
628 3543 746 3580 non
765 3546 885 3603 qua
897 3530 1106 3603 justus
1131 3537 1214 3584 est
1242 3529 1440 3599 Deus‚·
1463 3536 1787 3606 utrumque
1812 3533 1974 3586 enim
1998 3536 2267 3586 nostrum

202 3616 320 3718 0855
357 3612 459 3671 sed
480 3613 604 3674 ideo
633 3617 745 3678 Dei
764 3627 819 3678 et
855 3619 1074 3681 Christi
1104 3620 1334 3680 dicitur
1343 3662 1365 3692 ,
1410 3622 1569 3700 quod
1606 3627 1734 3700 esus
1776 3623 1947 3684 nohis
1968 3631 1970 3636 ’
1993 3622 2269 3700 larqitate
