2540 4074
307 238 384 297 88
898 273 903 278 -
1063 252 1254 292 maor.
1302 251 1370 289 nn
1412 251 1636 290 annu.

303 402 398 461 De
425 409 584 480 grat,
610 409 665 458 et
693 398 796 456 lib.
823 395 1038 454 arbitr.
1069 391 1170 451 ubi
1200 413 1220 451 .·
1261 384 1695 470 Quodquidem
1715 389 2004 470 (liberum
2029 388 2333 450 arbitrium
2347 393 2394 470 )7

305 494 498 574 inquit
522 538 538 567 7
577 495 704 550 sine
726 509 832 548 suo
859 491 1072 566 fructu
1101 486 1522 555 admoneretur*
1539 504 1570 557 7'
1597 490 1728 544 nisi
1748 491 1935 565 prius
1960 483 2398 563 accz‘peretnu-

307 610 443 660 an
472 604 841 657 nuncnoms,
878 590 950 638 ut
985 581 1137 638 addi
1165 579 1285 637 sihi
1326 575 1647 655 quaereret,
1671 582 1842 650 unde
1879 582 2042 659 qnod
2057 580 2400 659 jubebatur

303 684 571 760 impleret
614 679 740 756 (1)3
781 688 908 734 tum
946 675 1118 734 etiam
1154 681 1317 754 patet
1355 691 1427 730 ex
1459 672 1527 730 iis
1565 672 1833 733 omnibus
1875 674 2037 751 locis7
2085 675 2150 732 in
2187 672 2396 755 quibus

305 778 363 834 S.
393 779 600 833 Doctor
625 773 871 830 affirmat
896 816 911 844 7
934 769 1109 829 fidem
1129 813 1144 843 7
1180 788 1305 850 quae
1326 779 1413 829 est
1443 769 1504 827 in
1529 764 1922 850 peccatori-bus
1945 770 2208 831 informis
2231 815 2247 845 7
2274 790 2396 829 non

307 890 425 928 esse
457 870 581 928 sine
605 866 930 926 dilectione.
1836 882 1841 887 ’

1060 1001 1444 1092 ARTICULUS
1520 1011 1635 1093 1v.'

447 1173 538 1231 De
579 1169 885 1229 erroribus
925 1171 1090 1226 circa
1125 1170 1345 1247 qratioe
1385 1171 1667 1226 necessita
1677 1177 1792 1226 tem
1823 1176 1963 1247 post
1997 1167 2276 1247 adeptam

1078 1263 1596 1342 justificationem.

384 1456 517 1514 171.
567 1452 655 1512 Ad
684 1451 1102 1511 absolvendam
1136 1451 1534 1531 gravissimam
1570 1450 1723 1510 hanc
1744 1495 1759 1523 7
1806 1451 1869 1508 in
1903 1471 2015 1531 qua
2038 1469 2355 1531 'versamur
2376 1495 2391 1523 7

304 1550 678 1630 quaestionem
699 1593 714 1621 7
738 1557 997 1628 superest
1015 1594 1030 1620 7
1062 1558 1127 1605 ut
1150 1591 1165 1619 7
1194 1557 1503 1628 postquam
1532 1544 1933 1626 expendimuS,
1959 1563 2085 1624 quae
2108 1544 2181 1602 sit
2200 1543 2396 1622 gratiae

298 1645 601 1702 necessitas
645 1641 717 1700 ad
746 1662 916 1722 opera
957 1641 1225 1700 salutaria
1261 1639 1588 1722 incipienda
1629 1660 1693 1698 ac
1731 1638 2083 1722 perficienda
2119 1637 2396 1698 adversus

298 1737 626 1818 Pelagianos
657 1758 720 1795 ac
748 1735 1264 1817 Semipelagianos7
1299 1747 1428 1794 tum
1464 1756 1762 1817 quousque
1792 1756 1913 1793 sese
1934 1732 2211 1793 extendat
2243 1736 2397 1810 ejus-

300 1831 431 1890 dem
462 1832 763 1889 necessitas
797 1830 987 1911 quoad
1014 1851 1189 1911 opera
1220 1830 1518 1889 moraliter
1554 1830 1799 1888 honesta
1827 1827 2102 1889 adversus
2135 1828 2398 1888 Novato-

298 1947 388 1984 res
422 1937 480 1984 et
503 1926 858 1984 Jansenistas
887 1971 902 2000 7
940 1937 1067 1984 tum
1097 1925 1346 2006 denique
1373 1924 1513 2006 quid
1555 1924 1731 1982 homo
1773 1923 1968 2004 lapsus
2012 1943 2146 1980 cum
2184 1942 2250 1980 ea
2297 1931 2399 1979 aut

300 2020 421 2078 sine
446 2042 508 2079 ea
541 2022 719 2102 possit
760 2031 895 2080 ante
934 2020 1111 2079 fidem
1154 2031 1213 2079 et
1242 2020 1751 2097 justificationem‚3
1793 2026 2056 2099 superest
2077 2061 2093 2091 7
2121 2016 2396 2096 inquam,

298 2125 364 2172 ut
394 2116 743 2196 inquiramus
767 2117 829 2174 in
862 2114 1120 2193 ejusdem
1157 2117 1352 2194 gratiae
1380 2115 1780 2174 necessitatem
1806 2124 1938 2195 post
1976 2111 2250 2193 adeptam
2265 2115 2401 2188 jus—

303 2209 696 2270 tificationem.
2247 2264 2250 2266 ,

384 2306 518 2365 172.
567 2307 851 2385 Pelagiani
901 2328 969 2365 ex
1014 2311 1285 2388 praejacto
1320 2306 1606 2388 principio
1634 2304 1705 2363 de
1731 2302 1939 2362 actuali
1965 2301 2219 2360 hominis
2246 2301 2402 2387 inte-

300 2400 503 2478 gritate
533 2447 548 2474 7
593 2422 658 2460 eo
689 2403 971 2483 progressi
1008 2413 1145 2460 sunt
1168 2447 1183 2475 7
1218 2413 1286 2459 ut
1322 2411 1648 2460 assererent
1675 2444 1690 2473 7
1732 2420 1900 2480 posse
1941 2397 2245 2456 hominem
2283 2396 2399 2454 suis

299 2493 516 2554 viribus
536 2496 607 2554 ad
633 2496 1030 2555 omnimodam
1046 2498 1375 2578 pertingere
1393 2495 1829 2577 perfectionem7
1849 2495 1967 2552 imo
1983 2538 1999 2567 7
2028 2503 2093 2550 ut
2113 2490 2365 2549 diximus
2381 2536 2397 2564 7

303 2587 376 2645 ad
416 2590 598 2669 ipsam
637 2596 949 2667 apa-thiam
988 2613 1088 2650 seu
1129 2589 1824 2671 imperturbabilitatem;
1868 2598 2069 2670 postea
2117 2607 2294 2659 vero7
2339 2607 2400 2645 se

299 2683 451 2762 ipsos
481 2683 787 2742 emendare
808 2683 1068 2744 volentes
1090 2732 1104 2760 7
1137 2687 1273 2745 fassi·
1286 2697 1424 2744 sunt
1446 2730 1462 2760 7
1489 2685 1739 2744 adhunc
1763 2694 1980 2742 statum
2009 2680 2398 2740 obtinendum

299 2797 365 2836 ea
398 2779 575 2857 gratia
597 2800 740 2860 opus
774 2801 898 2839 esse
919 2826 935 2855 7
974 2804 1149 2862 quam
1180 2783 1289 2864 ipsi
1323 2780 1718 2842 admittebant
1743 2782 1851 2862 (2),
1887 2778 2278 2839 Rationalistae
2301 2799 2400 2862 pa-

365 2965 428 3028 (Ῑ)
465 2965 577 3032 Cap·
611 2968 668 3017 18
689 3005 702 3028 2
730 2987 778 3018 n·
808 2969 893 3037 37·
1380 2990 1476 3021 esse
1488 2975 1657 3038 justus
1674 3003 1690 3029 7
1721 2969 2021 3019 voluntatem
2040 3007 2052 3031 7
2072 2986 2168 3035 qua
2187 2967 2289 3016 vult
2303 2985 2400 3016 esse

363 3046 430 3108 (2)
458 3047 608 3097 esus.
625 3049 813 3116 August.
826 3051 906 3100 De
915 3053 1058 3116 qestis
1074 3052 1271 3118 Pelaqii
1282 3091 1296 3114 7
1369 3056 1544 3120 justus
1567 3091 1580 3115 7
1632 3054 1866 3100 actionem
1890 3089 1904 3112 7
1943 3069 2039 3116 qua
2065 3054 2234 3117 justus
2270 3059 2338 3099 est
2380 3068 2395 3114 3

296 3141 398 3189 0³1³·
432 3124 466 3174 6
485 3164 498 3187 ‚
532 3146 579 3176 n.
613 3147 674 3179 20
699 3170 712 3192 7
746 3149 826 3181 22.
855 3133 1059 3183 Subdole
1091 3136 1294 3201 Pelagius
1315 3127 1325 3135 ’
1378 3135 1547 3183 horum
1581 3135 1728 3182 trium
1749 3135 1969 3199 primum
1984 3167 2000 3194 7
2031 3120 2088 3180 id
2113 3141 2183 3180 est
2203 3169 2215 3191 7
2231 3134 2398 3198 possi-

298 3209 448 3270 gratiae
481 3213 666 3260 nomine
696 3215 885 3263 vocabat
902 3216 1290 3281 possibilitatem,
1376 3218 1610 3267 bilitatem
1628 3223 1642 3278 ,'
1662 3218 1825 3270 datam
1856 3216 2105 3277 confitetur
2121 3233 2151 3263 a
2171 3216 2394 3265 Creatore

296 3304 437 3352 quam
465 3287 551 3337 Dei
578 3288 698 3340 dono
727 3294 864 3344 homo
884 3300 1055 3362 accepit
1074 3316 1151 3362 per
1176 3298 1292 3348 lihe-
1375 3310 1562 3349 naturce
1579 3335 1596 3361 ,
1616 3283 1702 3348 nec
1726 3316 1824 3348 esce
1850 3301 1904 3346 in
1927 3307 2089 3346 nostra
2098 3307 2392 3364 potestate...

294 3385 399 3420 rum
431 3369 671 3419 arbitrium
690 3409 705 3436 7
741 3376 935 3440 ideoque
973 3381 1116 3442 ipsam
1153 3389 1290 3428 natu-
1374 3381 1482 3430 duo
1504 3399 1610 3430 vero
1647 3367 1832 3446 reliqua
1857 3418 1870 3441 7
1899 3380 1955 3428 id
1977 3390 2074 3441 est,
2102 3380 2391 3429 voluntatem

290 3466 389 3497 ram
411 3452 714 3515 significabat.
733 3455 819 3503 Hic
840 3460 962 3506 enim
990 3460 1289 3508 haeresiarcha
1378 3471 1423 3511 et
1447 3466 1681 3526 actionem
1694 3498 1712 3524 ,
1733 3471 1896 3512 nostra
1911 3480 2007 3510 esse
2025 3464 2197 3511 asserit
2213 3498 2226 3521 7
2251 3471 2391 3526 atque

290 3534 378 3580 tria
410 3532 721 3600 distinguebat
758 3539 807 3584 in
835 3539 1048 3601 homine,
1072 3543 1286 3606 poscibi-
1379 3546 1452 3592 ita
1480 3546 1618 3593 nobis
1642 3544 1812 3593 tribuit
1833 3582 1847 3605 7
1880 3553 1936 3592 ut
1960 3545 2159 3593 nonnisi
2187 3534 2218 3591 o
2247 3542 2387 3590 nobis

285 3612 463 3662 litatem
490 3651 505 3675 7
567 3616 850 3666 voluntatem
893 3630 937 3668 et
992 3623 1224 3670 actionem
1266 3640 1282 3672 ε
1363 3642 1461 3674 esse
1497 3626 1767 3676 contendat.
1797 3626 1868 3675 Ita
1901 3629 2086 3692 exponit
2119 3625 2384 3673 versutiam

274 3696 640 3759 possibilitatem
652 3698 1125 3767 scilicet7quapotest
1145 3703 1279 3753 homo
1335 3771 1338 3774 ‚
1362 3706 1532 3773 Pelagii
1566 3701 1623 3770 S.
1656 3707 1940 3775 Augustinus
1959 3746 1973 3770 7
2012 3707 2121 3757 Lib.
2145 3704 2356 3770 Deqrat.
