2430 4056
193 176 318 235 292
972 189 1166 227 macr.
1215 189 1284 229 ne
1326 189 1551 242 cunm.

194 336 501 398 'merentur
539 333 726 413 opera
761 342 958 390 nostra
988 376 1003 405 ,
1049 339 1252 410 utpote
1289 330 1534 391 inutilia.
1581 333 1648 388 20
1679 331 1893 389 Verum
1936 350 2055 388 non
2106 329 2294 390 solum

182 432 426 503 ¹inutilia
457 474 472 501 ‚
525 426 625 485 sed
670 436 729 484 et
778 423 1079 483 immunda
1122 433 1402 504 praeterea
1436 423 1609 497 sunt,
1658 435 1723 482 ut
1778 435 2024 483 testatur
2082 426 2294 506 Isai‘as‚

202 526 408 597 LXIV,
467 523 537 595 6.,
585 521 825 579 dicens:
871 521 1048 578 Facti
1081 539 1290 576 sumus
1328 527 1399 574 ut
1431 521 1788 578 immundus
1825 540 2024 594 omnes
2062 540 2168 578 nos
2193 565 2208 593 ,
2245 529 2300 579 et

204 621 378 698 quasi
399 634 648 694 pannus
675 613 1059 671 menstruate&
1081 614 1648 688 universoejusticioe
1676 624 1907 672 nostroe.
1940 614 2084 692 Ergo
2109 634 2216 694 per
2238 633 2300 672 se

195 711 390 792 ,potius
430 706 892 785 indignationem
931 725 1107 785 quam
1129 704 1436 785 praemium
1476 716 1792 764 merentur.

285 802 423 860 647.
470 803 640 881 Resp.
672 798 746 857 ad
788 800 865 856 11Ϊ1ι
892 844 907 872 7
937 801 1093 857 Dz'st.
1124 797 1213 856 Ad
1240 797 1664 857 excludendam
1694 801 2033 876 jactantiam
2065 846 2079 874 ,
2111 821 2299 874 conc„-

202 898 277 956 ad
326 894 754 955 excludendum
786 893 1059 951 meritum
1102 890 1392 950 bonorum
1427 914 1706 973 operum,
1749 913 1878 973 quae
1918 895 1980 952 in
2023 898 2143 954 Deo
2184 894 2302 953 sint

204 992 353 1049 facta
376 1035 391 1062 ,
427 1011 555 1068 neq.
600 987 752 1046 Talis
779 998 865 1045 est
901 988 1225 1044 communis
1247 988 1484 1045 Patrum
1525 986 1804 1067 expositio
1840 987 1901 1045 in
1934 988 2160 1062 locum,
2203 989 2304 1070 qui

187 1084 473 1162 ‘objicitur
489 1083 598 1163 (l).
632 1080 773 1139 Inde
806 1081 962 1139 enim
987 1079 1257 1138 discimus
1278 1126 1293 1151 7
1316 1102 1422 1138 nos
1448 1079 1594 1138 nihil
1619 1079 1787 1138 nobis
1804 1080 2126 1142 adscribere
2139 1104 2304 1164 posse

202 1201 275 1238 ex
301 1169 468 1235 bonis
493 1222 508 1249 ,
525 1197 665 1256 rquae
683 1176 954 1251 facimus3
982 1175 1142 1255 quia3
1162 1175 1274 1233 nisi
1291 1176 1391 1234 Dei
1415 1175 1595 1254 gratia
1611 1196 1717 1233 nos
1739 1176 2100 1256 praevenisSit
2123 1188 2182 1236 et
2198 1177 2306 1236 ad·-

195 1259 469 1350 juvisset,
499 1269 645 1327 nihil
665 1280 935 1350 praestare
958 1270 1339 1350 potuissemus
1362 1295 1377 1343 3
1418 1280 1609 1328 totum
1637 1281 1915 1350 praeterea
1941 1270 2306 1331 emolumen-

136 1379 139 1382 “
206 1377 331 1423 tum
355 1387 474 1423 non
505 1366 624 1421 Deo
651 1409 666 1437 .‚
705 1364 804 1444 qui
834 1361 1102 1444 operibus
1136 1365 1345 1422 nostris
1376 1386 1493 1421 non
1529 1364 1751 1443 indiget
1779 1409 1795 1438 ,
1833 1364 1935 1423 sed
1971 1363 2138 1427 nobis
2171 1387 2306 1447 pro-

208 1460 403 1519 venire
421 1503 437 1531 ,
463 1469 521 1516 et
538 1458 774 1537 quidem
793 1479 863 1516 ex
880 1458 1125 1536 gratuita
1152 1479 1215 1516 ac
1234 1456 1457 1516 liberali
1472 1459 1853 1538 promissione
1872 1459 1975 1517 Dei
1989 1460 2063 1518 de
2091 1470 2305 1519 aeterna

208 1553 472 1612 mercede
514 1553 653 1633 ipsis
690 1551 858 1610 bonis
905 1550 1173 1631 operibus
1222 1552 1615 1611 retribuenda.
1659 1554 1931 1611 Ceterum
1972 1553 2305 1634 ApostoluS,

210 1651 260 1704 II
292 1645 540 1705 Timoth.
584 1647 664 1719 II7
687 1647 793 1720 21,
821 1644 1018 1703 scribit
1056 1668 1068 1702 :
1101 1647 1167 1703 Sz’
1196 1652 1332 1724 quis
1364 1648 1783 1705 emundaverit
1807 1669 1864 1705 se
1885 1649 1963 1705 ab
1999 1652 2163 1722 istie,
2191 1653 2313 1707 erit

208 1754 310 1798 vas
332 1745 402 1798 in
426 1742 701 1797 honorem
725 1742 1162 1818 sanctificatum
1183 1751 1238 1798 et
1265 1764 1424 1799 uma
1448 1744 1707 1799 Domino*
1723 1767 1747 1814 ,-
1779 1753 1838 1800 et
1858 1741 2122 1801 Christus
2142 1743 2266 1823 ipse
2282 1787 2301 1816 .,

182 1834 417 1893 Matth.
463 1835 612 1891 XXV
640 1879 655 1906 a
705 1833 818 1906 23,
869 1834 1094 1894 dixerat
1133 1857 1145 1891 :
1198 1836 1370 1915 Euye
1410 1857 1568 1894 serve
1604 1838 1749 1894 hone
1799 1847 1853 1894 et
1887 1838 2111 1914 fidelis,
2158 1841 2307 1917 quia

196 1950 388 2007 ‚super
404 1949 608 2007 pauca
638 1931 825 2004 fuistz
842 1928 1035 2004 fidelis
1051 1971 1072 1998 ,
1109 1950 1291 2007 super
1316 1932 1511 1987 multa
1538 1940 1588 1987 te
1619 1934 1979 1989 constituam
2004 1930 2113 2008 (2).
2172 1938 2187 1974 ἑ

281 2175 350 2236 (l)
387 2173 483 2221 Cfr.
519 2173 733 2220 Bellarm.
766 2170 1020 2238 Dey'ustif.
1049 2173 1137 2221 lib.
1171 2192 1212 2237 v,

210 2269 317 2317 cap.
354 2253 404 2301 5.

278 2334 341 2397 (2)
378 2330 467 2392 Εὖ,
496 2330 626 2381 δοῦλε
658 2329 819 2391 οἱγοιθέ
852 2330 928 2380 καὶ
963 2331 1115 2380 πιστέ·
1144 2330 1218 2381 ἐπὶ

203 2413 349 2473 ὀλίγοι
379 2411 427 2468 ἧς
447 2410 633 2474 orco-vif,
656 2409 725 2460 {or}
757 2418 931 2461 πολλὰἲν
959 2434 1007 2460 σε
1041 2436 1217 2461 κατ-αα·-

210 2494 345 2550 τῆσ-ω·
362 2494 541 2542 εἴσελθε
558 2498 617 2546 εἰς
634 2491 706 2548 τὴν
719 2491 861 2559 χοιροῖν
878 2492 1107 2558 τοῧκυριόυ
1126 2519 1216 2545 σου.

212 2577 310 2626 Cfr.
332 2576 618 2623 Maldonatus
642 2578 690 2622 in
707 2576 942 2640 objectum
969 2587 1142 2624 textum
1165 2595 1217 2625 ex

210 2657 319 2705 Luc.
343 2674 466 2715 xvir,
493 2672 549 2703 ιο
569 2693 582 2715 ,
614 2656 695 2703 ubi
719 2657 956 2704 contendit
971 2658 1096 2705 huuc
1127 2675 1220 2706 esse

209 2755 396 2787 sensum
411 2738 596 2785 illorum
611 2737 856 2784 verborum
875 2754 887 2783 ε
913 2736 1034 2784 Cum
1045 2738 1219 2801 feceri-

209 2823 271 2869 tis
284 2823 465 2880 omnia,
486 2831 569 2869 etc.
584 2836 678 2868 non
694 2822 881 2885 quidem
898 2822 1018 2869 nihil
1032 2840 1221 2887 praecep-

208 2914 360 2952 torum
391 2903 703 2952 observatione
734 2904 979 2966 meruisse3
1000 2905 1076 2951 sed
1103 2901 1221 2952 nihil

210 2987 423 3033 meruisse
440 2993 603 3048 praeter
617 2984 895 3043 mercedem,
913 3001 1014 3050 quae
1030 3002 1216 3050 praecep-

214 3075 366 3113 torum
386 3067 689 3113 observationi
721 3066 980 3130 respondet.
998 3065 1112 3114 Vult
1136 3069 1218 3131 igi-

211 3155 285 3191 tur
299 3144 506 3193 Christus
521 3161 614 3192 non
637 3146 818 3209 gloriari
840 3164 924 3194 nos
945 3183 958 3205 ‚
979 3164 1086 3195 cum
1108 3166 1218 3212 prae-

212 3233 340 3289 cepta
364 3228 665 3284 servavimus3
682 3229 788 3291 quia
810 3265 822 3286 ‚
846 3230 929 3275 etsi
957 3229 1215 3278 mercedem

210 3313 412 3353 nostram
453 3309 600 3354 meriti
649 3323 808 3355 sumus
830 3343 847 3368 ,
898 3319 1048 3358 tamen
1089 3311 1206 3359 nihil

207 3385 444 3453 singulare
465 3422 478 3444 ‚
507 3385 623 3436 nihil
654 3387 881 3453 egregium
917 3401 962 3438 et
985 3393 1213 3440 eximium

205 3468 402 3515 fecimus
423 3503 437 3526 ‚
467 3467 583 3515 nihil
606 3470 728 3534 quod
759 3487 856 3518 non
895 3470 1090 3536 quilibet
1117 3491 1212 3522 ser-

212 3565 294 3596 vus
327 3548 477 3596 facere
500 3548 727 3598 debuerit.
764 3550 860 3599 Nec
886 3562 977 3600 tam
1010 3563 1077 3601 est
1106 3554 1211 3602 lau·

200 3629 359 3679 dabile
383 3666 395 3690 ,
421 3629 545 3696 quod
583 3630 630 3698 id
666 3631 904 3681 fecerimus
923 3670 936 3694 ‚
968 3652 1110 3700 quam
1137 3637 1205 3684 vi-

1298 2176 1550 2240 tuperabile
1586 2182 1702 2224 esset
1735 2213 1747 2235 ‚
1788 2179 1824 2223 si
1870 2194 1965 2224 non
2012 2177 2295 2227 fecissemus.

1298 2256 1338 2302 N
1343 2274 1401 2303 on
1416 2257 1562 2303 solent
1578 2256 1716 2304 laude
1733 2257 1968 2323 gloriaque
1983 2257 2134 2306 videre
2151 2258 2308 2323 digna,

1298 2340 1387 2385 nisi
1411 2355 1510 2402 quae
1536 2340 1712 2402 egregia
1728 2347 1772 2386 et
1788 2339 2039 2405 singularia
2055 2350 2177 2387 sunt.
2196 2339 2305 2405 Q‘uae

1300 2419 1487 2483 quidem
1526 2419 1626 2467 fuse
1671 2419 1846 2467 ibidem
1888 2423 2214 2486 prosequitur,
2260 2430 2306 2468 et

1300 2517 1459 2548 omnes
1474 2499 1849 2549 Calvinianorum
1880 2501 2067 2548 technas
2084 2500 2305 2549 dissolvit.

1301 2581 1510 2629 Ostendit
1537 2591 1752 2646 praeterea
1782 2582 1995 2630 adversus
2015 2581 2260 2630 Caluinum
2285 2619 2300 2642 ,

1299 2661 1369 2709 ibi
1389 2681 1484 2711 non
1518 2664 1590 2727 agi
1620 2663 1677 2711 de
1710 2666 1941 2726 mancipio
1969 2701 1982 2723 ,
2006 2664 2086 2712 sed
2105 2663 2162 2711 de
2175 2680 2302 2712 servo

1302 2748 1583 2792 mercenario
1608 2762 1686 2793 seu
1718 2745 1945 2793 conducto
1967 2781 1981 2805 ,
2018 2747 2100 2811 qui
2139 2762 2301 2809 opera-

1301 2837 1375 2874 tur
1412 2844 1493 2891 pro
1541 2832 1677 2891 pacta
1722 2828 1947 2876 mercede.
1991 2827 2111 2876 Cum
2147 2838 2303 2877 tamen

1302 2907 1572 2956 Kuinoelius
1615 2907 1796 2956 Calviui
1835 2912 2034 2974 vestigiis
2086 2911 2301 2959 insistens

1300 2990 1577 3049 contendat,
1607 2992 1658 3036 in
1681 2990 1895 3054 parabola
1922 3008 2180 3039 sermonem
2209 3007 2305 3040 non

1300 3087 1395 3118 esse
1433 3070 1489 3118 de
1531 3074 1816 3145 mercenario
1842 3109 1855 3130 ‚
1893 3072 1951 3121 de
1994 3083 2173 3121 aratore
2218 3084 2300 3122 aut

1297 3150 1503 3199 bubulco
1527 3155 1809 3200 conductitio
1823 3189 1836 3213 ‚
1855 3153 1931 3201 sed
1953 3153 2264 3218 de‘mancipio
2285 3192 2302 3214 ‚

1297 3234 1456 3280 ceteris
1488 3235 1664 3280 omissis
1685 3269 1700 3291 ‚
1731 3231 1899 3298 juverit
1925 3235 2075 3298 ipsum
2100 3234 2304 3284 refellere

1297 3330 1352 3361 ex
1391 3315 1487 3378 ipsa
1518 3329 1624 3361 voce
1658 3310 1815 3367 δοῦλος
1835 3350 1848 3374 ‚
1879 3325 2021 3379 prout
2058 3329 2086 3363 a
2130 3313 2304 3365 Graecis

1296 3394 1618 3459 usurpabatur.
1652 3394 1699 3443 Si
1727 3399 1851 3444 enim
1880 3393 2039 3449 δοῦλος
2069 3407 2183 3463 esset
2206 3412 2328 3445 ser-⁴

1282 3493 1377 3523 -vus
1420 3478 1658 3540 emptitius
1711 3488 1792 3525 aut
1835 3480 2152 3543 mancipium,
2203 3493 2301 3525 non

1287 3557 1480 3605 dixisset
1515 3556 1788 3623 Sophocles,
1828 3558 2001 3624 Oedip.
2042 3556 2252 3606 T-.-11123
2281 3573 2298 3605 ε

1271 3620 1341 3684 ·³H
1373 3634 1530 3691 δοῦλος
1566 3639 1658 3688 ου’κ’
1681 3638 1864 3700 dunt-is,
1894 3639 1999 3689 ἀλλ’
2020 3660 2023 3662 ·
2045 3637 2149 3687 οἷἰὶοι
2193 3659 2299 3704 τροι-
