2540 4074
170 196 213 253 2
599 235 602 238 -
945 214 1143 261 macr.
1190 215 1259 257 nn
1278 260 1280 263 ⁵
1303 214 1530 268 caum.

171 356 501 416 ficationem
545 365 604 415 et
645 353 921 414 meritum
970 350 1263 412 bonorum
1311 374 1576 434 operum.
1611 355 1701 413 >Ex
1737 353 1854 415 'hoc
1891 357 2049 416 enim
2096 358 2284 439 primo

173 450 357 512 veluti
392 447 610 508 annulo
632 493 648 522 ,
695 458 819 506 tota
850 447 1181 506 contexitur
1216 448 1390 506 series
1427 457 1527 506 aut
1563 450 1880 512 veritatum
1916 496 1931 524 .,
1966 465 2098 532 quae
2143 452 2285 511 doc-

173 545 390 602 trinam
428 540 769 602 catholicam
801 541 1165 598 constituunt
1187 585 1204 615 ,
1251 551 1351 599 aut
1388 562 1652 601 errorum
1689 541 1798 601 sibi
1836 551 2039 603 mutuo
2074 546 2285 607 adver-

168 639 424 697 santium
446 683 462 712 ,
501 658 643 718 quos
680 656 788 716 pro
829 633 1055 693 diversa
1096 633 1288 715 indole
1316 634 1576 694 hoeretici
1608 637 1848 717 professi
1885 651 2063 714 sunt,
2107 639 2182 699 ad
2221 640 2287 700 il-

171 733 290 791 lam
329 728 736 813 quoquomodo
780 727 1266 788 labefactandam.

250 828 307 886 3.
359 829 434 885 Ut
451 827 623 906 igitur
637 826 959 884 contrarius
975 835 1174 905 pateat
1195 835 1295 882 aut
1318 825 1633 884 veritatum
1657 836 1757 884 aut
1771 847 2041 887 errorum
2062 850 2246 889 nexus
2267 875 2284 906 ,

169 935 343 1004 atque
370 943 488 980 uno
521 919 703 981 veluti
726 919 941 977 intuitu
975 918 1346 1000 dignoscatur
1364 919 1570 999 primae
1601 918 1775 998 hujus
1803 932 2080 981 tractatus
2107 925 2290 1004 partis

166 1028 504 1097 conspectus
528 1061 543 1089 a
567 1014 785 1093 juverit
815 1013 910 1074 hic
932 1012 1212 1091 subjicere
1242 1013 1470 1075 diversa
1498 1014 1901 1075 haereticorum
1935 1028 2248 1096 systemata
2267 1063 2284 1093 ‚

168 1133 350 1193 eaque
378 1111 637 1170 conferre
659 1131 792 1168 cum
814 1109 1075 1168 doctrina
1095 1108 1354 1168 Ecclesiae
1386 1108 1715 1169 Catholicae.
1754 1111 1896 1171 Inde
1921 1112 2078 1171 enim
2119 1133 2288 1172 erue-

168 1229 298 1265 mus
314 1227 566 1265 errorum
594 1205 800 1264 seriem
821 1226 892 1263 ex
916 1225 1016 1262 suo
1043 1203 1221 1264 veluti
1246 1204 1554 1285 principiQ
1580 1216 1753 1286 atque
1770 1206 2058 1265 unitatem
2086 1205 2291 1266 catha-

163 1301 284 1361 licae
306 1300 578 1359 doctrinae
601 1321 673 1359 ex
693 1322 795 1358 suo
815 1301 1032 1380 pariter
1052 1299 1212 1358 fon-te
1229 1298 1644 1381 profluentem.
1677 1301 1947 1379 Magnam
1967 1300 2103 1360 hinc
2130 1323 2288 1383 prae-

166 1408 323 1456 terea
374 1396 567 1454 lucem
624 1394 1022 1454 mutuabimur
1088 1394 1164 1453 ad
1217 1395 1479 1453 intimius
1535 1394 1991 1473 dignoscendam
2043 1396 2286 1457 diversae

168 1491 445 1550 doctrinae
480 1489 742 1548 indolem
769 1535 782 1559 ‚
812 1511 992 1571 quam
1026 1491 1147 1550 sive
1183 1510 1552 1571 propugnare
1591 1490 1711 1551 sive
1746 1489 2073 1551 convellere
2111 1488 2282 1549 nobis

168 1585 598 1668 proposuimus,

250 1679 309 1737 4.
358 1681 572 1738 Primo
606 1680 800 1760 itaque
835 1679 1124 1759 Pelagiani
1149 1725 1165 1752 ³
1200 1679 1522 1737 inficiantes
1566 1678 1825 1759 primum
1866 1689 2173 1760 parentem
2210 1676 2287 1737 ad

167 1785 389 1833 statum
430 1773 934 1855 supernaturalem
973 1795 1080 1856 per
1117 1775 1312 1852 gratiae
1349 1772 1717 1833 collationem
1761 1774 1936 1832 fuisse
1971 1785 2239 1836 evectum
2267 1821 2281 1845 ‚

167 1890 232 1927 ac
252 1869 408 1927 dono
433 1868 787 1947 integritatis
814 1890 846 1925 a
873 1870 994 1926 Deo
1025 1867 1384 1926 cumulatum
1402 1912 1418 1939 ,
1457 1867 1832 1926 confecerunt
1851 1911 1867 1941 7
1901 1866 2128 1925 nullam
2159 1866 2286 1925 dari

165 1963 569 2044 primigeniam
614 1960 809 2021 labem
836 2007 850 2030 ‚
897 1983 1024 2042 quae
1066 1962 1128 2019 in
1168 1972 1428 2043 posteros
1470 1964 2007 2034 transmitteretur3
2056 1961 2285 2022 nullum

167 2057 380 2119 vulnus
411 2103 426 2131 .,
455 2057 679 2115 nullam
712 2057 1119 2115 infirmitatem
1151 2078 1221 2115 ex
1252 2078 1319 2115 ea
1356 2055 1625 2115 homines
1669 2056 2049 2130 contrahere3
2087 2055 2283 2114 homi-

165 2173 269 2211 nes
292 2151 399 2210 sibi
418 2152 677 2210 sufficere
696 2196 711 2225 7
743 2172 932 2232 neque
962 2152 1043 2210 eis
1072 2172 1215 2233 opus
1245 2172 1369 2210 esse
1393 2150 1503 2209 alio
1539 2150 1793 2210 subsidio
1821 2172 1923 2210 seu
1954 2151 2134 2230 gratia
2160 2149 2282 2208 Sal-

167 2247 412 2321 vatoriS‚
443 2247 562 2305 sive
598 2245 672 2304 ad
708 2245 981 2325 mandata
1012 2246 1298 2308 servanda
1329 2291 1344 2319 ,
1388 2246 1508 2305 sive
1545 2245 1619 2303 ad
1665 2245 2087 2326 acquirendum
2134 2265 2281 2326 qua-

159 2340 525 2421 lemcumque
542 2353 607 2398 ut
622 2351 684 2397 ut
709 2339 1017 2399 sublimem
1031 2341 1399 2421 perfectionis
1414 2339 1658 2418 gradum
1676 2385 1690 2414 7
1710 2341 2013 2421 ipsamque
2025 2346 2263 2398 ἀπαθείαν

161 2436 285 2495 sive
315 2437 994 2514 z'mperturhabz'lz'tatem
1031 2434 1474 2516 assequendam.
1511 2434 1599 2492 Ad
1628 2434 1749 2493 haec
1782 2435 1941 2494 enim
1973 2434 2080 2494 sibi
2110 2455 2275 2494 com-

164 2529 421 2610 paranda
457 2573 473 2602 ,
515 2530 575 2586 in
600 2529 813 2588 horum
847 2541 1158 2609 systemate
1186 2575 1201 2603 a
1230 2528 1453 2588 habent
1474 2528 1742 2588 homines
1773 2529 1926 2588 dona
1956 2530 2273 2602 CreatoriS,

166 2621 373 2704 quibus
395 2623 666 2682 instructi
702 2634 872 2697 sunt;
904 2623 1042 2683 liinc
1069 2645 1308 2683 omnem
1333 2623 1529 2703 gratiae
1561 2624 1851 2684 interioris
1875 2624 2276 2684 necessitatem

166 2722 508 2795 rejecerunt.

244 2812 300 2870 5.
345 2813 634 2871 Secundo.
657 2813 1091 2872 Socinianicum
1106 2812 1424 2894 Pelagianis
1455 2813 1632 2896 plane
1656 2815 2036 2875 conveniunt.
2082 2812 2272 2871 Ratio-

157 2904 381 2965 nalistae
409 2905 610 2966 eadem
638 2918 924 2966 sectantes
956 2908 1193 2988 vestigia
1212 2954 1230 2984 ,
1277 2909 1341 2966 in
1379 2910 1619 2969 eosdem.
1651 2930 1874 2969 errores
1921 2907 2069 2989 lapsi
2111 2916 2269 2965 sunt.

159 2999 227 3058 In
252 2999 491 3058 istorum
522 3001 680 3060 enim
723 3013 1035 3082 systemate
1055 3048 1071 3077 .‚
1107 3003 1284 3063 homo
1319 3004 1710 3086 paradisiacus
1735 3026 1867 3084 ‘non
1893 3003 2004 3061 fuit
2035 3000 2147 3060 nisi
2184 3013 2270 3081 ty·-

160 3116 272 3175 pus
312 3095 639 3176 primitivus
688 3097 888 3158 idealis
926 3099 1331 3181 perfectionis«,
1379 3099 1455 3159 ad
1491 3122 1667 3182 quem
1705 3100 1766 3159 in
1799 3120 1860 3158 se
1900 3095 2277 3158 referendum

159 3193 281 3266 ejus
306 3192 528 3270 posteri
558 3205 952 3272 provocantur
972 3241 987 3269 ,
1027 3195 1120 3254 cui
1156 3194 1389 3254 additus
1414 3207 1503 3255 est
1532 3195 1675 3254 alius
1703 3207 1877 3276 typus
1909 3192 2079 3272 longe
2114 3213 2271 3274 prae-

157 3284 408 3342 stantior
429 3285 493 3343 in
522 3285 756 3346 Christo
779 3290 814 3347 J
819 3310 939 3347 esu.
971 3292 1159 3349 Homo
1189 3291 1407 3373 quippe
1439 3311 1515 3350 ex
1530 3289 1821 3373 principio
1849 3287 2102 3347 naturali
2133 3305 2270 3367 pet-

156 3376 532 3438 fectibilitatis
595 3402 826 3463 semper
852 3395 1047 3466 potest
1093 3386 1157 3444 in
1201 3385 1555 3468 perfectione
1605 3381 1976 3467 adipiscenda
2027 3380 2270 3441 ulterius

154 3472 425 3552 progredi
451 3518 468 3548 ,
495 3476 576 3534 ita
602 3487 669 3534 ut
705 3499 824 3536 non
854 3478 1047 3538 solum
1071 3491 1275 3563 typum
1315 3481 1532 3542 referre
1550 3526 1567 3556 .,
1597 3479 1703 3540 sed
1740 3478 1912 3539 etiam
1949 3477 2144 3559 ipsum
2169 3495 2267 3533 su·-

150 3587 354 3646 perare
387 3580 582 3650 queat.
624 3571 829 3631 Nullus
856 3572 1028 3635 datur
1055 3586 1241 3636 status
1277 3573 1736 3658 super-naturalis
1764 3619 1781 3649 ,
1822 3595 1894 3633 ex
1935 3592 2052 3654 quo
2079 3569 2260 3629 homo

144 3659 424 3735 flxssidssrst
452 3708 469 3739 φ
523 3675 623 3736 aut
671 3664 746 3727 ad
794 3688 972 3750 quem
1022 3671 1280 3737 revocari
1313 3670 1583 3745 -debeat3
1627 3667 1792 3731 nulla
1831 3677 2108 3752 praeterea
2152 3662 2269 3746 ipsi
