2540 4074
545 216 702 254 mm.
749 216 787 251 1.
835 211 961 250 cn.
1006 214 1073 250 11.
1121 214 1189 254 ιιιι
1233 213 1451 255 cama.
1492 212 1876 253 uncusslrnn.
2184 194 2258 252 87

249 355 404 421 167.
432 356 521 423 Ad
554 357 858 430 Zmffffit.
898 355 1193 429 Quamdiu
1229 354 1409 419 homo
1448 356 1567 434 agit
1613 365 1681 417 ut
1723 353 1898 415 arbor
1929 353 2121 427 mala,
2158 377 2261 416 seu

166 475 236 516 ex
272 450 808 535 praevolantem,
842 471 1004 511 conc.
1029 451 1131 524 381⁸
1167 471 1291 512 non
1329 461 1460 530 agat
1496 461 1576 511 ut..
1602 449 1777 510 arbor
1816 449 1971 509 mala
1997 493 2023 521 ,
2057 470 2159 510 seu
2185 471 2260 509 ex

166 569 347 630 prava
371 546 671 626 voluntate
691 591 710 621 7
751 567 880 626 my.
918 545 1102 608 Arbor
1130 546 1284 608 enim
1318 544 1482 605 >bona
1522 557 1622 605 aut
1660 544 1814 606 mala
1850 557 1939 604 est
1973 543 2128 604 bona
2158 557 2261 604 aut

164 639 647 718 malaxyvolnntam
667 644 793 718 jam
820 661 957 702 vero
989 652 1255 723 peccator
1285 662 1405 701 non
1441 662 1673 722 semper
1707 651 1982 722 operatur
2026 661 2095 700 ex
2127 661 2262 722 per-

161 757 325 799 versa
346 733 667 797 voluntate
691 734 797 814 (1).

245 829 378 888 168.
426 829 513 888 Ad
551 829 656 903 3⁰⁰7
683 832 853 901 Dist.
890 829 978 889 Ad
1009 829 1149 889 alios
1181 828 1538 888 seducendos
1571 849 1676 910 per
1711 829 1986 891 miracula
2013 875 2030 905 7
2067 852 2252 905 conca,

153 934 218 982 ut
240 934 506 1005 peccator
528 935 615 982 est
631 970 646 999 7
667 926 766 1006 qui
794 925 1121 1005 resipiscere
1144 922 1285 983 velit
1305 968 1320 997 7
1353 945 1480 1002 neq.
1513 922 1713 981 Talem
1739 944 1861 982 esse
1894 946 2129 983 sensum
2153 925 2255 984 ho·-

151 1041 285 1079 rum
315 1018 627 1079 verborum
662 1022 800 1081 coeci
831 1022 951 1082 nati
979 1066 994 1095 7
1035 1030 1196 1101 patet
1230 1040 1300 1078 ex
1327 1016 1603 1078 contextu
1641 1020 1751 1098 (2).

238 1118 376 1175 169.
429 1117 514 1176 Ad
549 1118 653 1193 4³¹7
692 1119 839 1199 Ney.
886 1118 976 1178 Ad
1010 1138 1236 1197 argum.
1280 1117 1438 1178 Dist.
1480 1121 1630 1195 maj.
1663 1115 1900 1176 Nullum
1937 1115 2110 1176 datur
2137 1139 2258 1177 me-

153 1212 315 1271 dium
355 1215 510 1272 inter
564 1213 956 1295 cupiditatem·
986 1224 1046 1272 et
1095 1211 1438 1273 charitatem
1488 1210 1848 1271 habitualem
1882 1258 1897 1286 7
1948 1234 2050 1271 seu
2099 1213 2254 1272 inter

151 1317 368 1365 statum
398 1309 638 1386 justitiae
679 1319 737 1367 et
777 1308 995 1389 peccati
1029 1352 1044 1382 7
1087 1328 1275 1379 conc.3
1331 1304 1562 1364 nullum
1602 1306 1772 1365 datur
1805 1306 2065 1366 medium
2100 1308 2256 1368 inter

149 1401 526 1482 cupiditatem
565 1414 624 1461 et
667 1402 1008 1461 charitatem
1060 1400 1346 1461 actualem
1389 1400 1770 1480 theologicam
1811 1413 1870 1460 et
1895 1403 2130 1484 proprie
2170 1402 2253 1461 di-

150 1506 332 1573 ctam,
382 1519 507 1578 neq.
555 1499 740 1561 Datur
773 1498 930 1557 enim
959 1497 1205 1557 charitas
1233 1496 1543 1580 improprie
1589 1495 1741 1556 dicta
1769 1542 1784 1571 7
1827 1517 1929 1556 seu
1973 1497 2251 1556 voluntas

150 1592 292 1650 recti
321 1603 380 1654 et
408 1592 675 1667 honesti7
711 1597 878 1670 juxta
911 1614 1086 1674 quam
1126 1592 1302 1652 homo
1325 1637 1340 1666 7
1384 1592 1491 1650 etsi
1521 1603 1789 1672 peccator
1811 1592 1920 1667 sit7
1959 1613 2112 1673 saepe
2145 1591 2241 1650 ad-

143 1689 305 1763 jutus
343 1688 663 1767 praesertim
700 1687 896 1748 divina
929 1689 1107 1767 gratia
1131 1733 1148 1762 7
1195 1686 1419 1747 bonum
1458 1686 1586 1747 vult
1631 1698 1690 1746 et
1727 1698 2018 1768 operatur.
2069 1688 2254 1767 Apos—

150 1779 301 1839 tolus
344 1792 540 1841 autem
570 1781 829 1863 loquitur
863 1781 936 1843 de
970 1803 1166 1843 amore
1191 1783 1450 1864 pecuniae
1471 1827 1486 1856 7
1526 1802 1627 1842 seu
1657 1781 1729 1841 de
1760 1784 1998 1842 avaritia
2027 1827 2044 1858 7
2075 1804 2252 1864 quam

146 1886 316 1933 vocat
349 1877 612 1935 omnium
654 1877 943 1937 malorum
970 1922 986 1951 7
1030 1877 1441 1958 temporalium
1485 1877 1702 1937 scilicet
1746 1889 1804 1936 et
1848 1889 2203 1938 aeternorum
2239 1923 2253 1953 7

143 1967 368 2033 fontem
412 1970 522 2052 (3).

99 2144 103 2147 .
229 2063 368 2123 170.
415 2065 504 2124 Ad
535 2065 639 2139 5³¹7
671 2067 826 2125 Dz'st.
851 2065 964 2125 Ubi
995 2090 1113 2126 non
1143 2079 1231 2127 est
1255 2066 1485 2126 dilectio
1514 2113 1530 2142 7
1560 2067 1621 2126 id
1647 2080 1735 2127 est
1756 2114 1771 2142 7
1804 2065 1956 2127 bona
1981 2069 2253 2129 voluntas

146 2169 246 2216 aut
290 2160 384 2240 pia
441 2159 663 2219 affectio
690 2206 705 2235 7
766 2183 954 2236 eonc.;
1002 2162 1062 2220 id
1099 2174 1187 2221 est
1216 2208 1230 2237 7
1279 2161 1526 2221 charitas
1560 2162 1876 2243 theologica
1917 2176 1977 2223 et
2016 2167 2251 2247 proprie

146 2252 298 2313 dicta
327 2298 344 2329 7
383 2276 512 2335 neq.
567 2256 689 2316 Hoc
730 2277 905 2338 porro
943 2278 1116 2318 sensu
1159 2278 1363 2319 vocem
1398 2257 1722 2318 dilectionis
1760 2281 1792 2317 a
1821 2261 1882 2319 S.
1925 2260 2248 2339 Augustino

143 2349 360 2430 passim
392 2352 690 2431 usurpari,
725 2351 801 2412 ad
825 2350 1218 2412 denotandam
1249 2352 1465 2412 seilicet
1492 2352 1710 2413 bonam
1749 2354 2111 2415 voluntatem
2147 2367 2248 2413 aut

144 2445 304 2524 piam
335 2444 700 2507 affectionem
719 2491 734 2521 7
768 2457 993 2507 constat
1027 2447 1183 2507 inter
1219 2458 1407 2507 cetera
1437 2469 1508 2508 ex
1533 2449 1600 2507 iis
1620 2493 1635 2520 7
1675 2469 1803 2530 quae
1828 2449 2026 2508 scribit
2047 2451 2112 2508 in
2137 2449 2240 2511 lib.

214 2637 283 2702 (l)
319 2637 417 2689 cfr.
447 2638 654 2689 Maldon.
671 2642 750 2705 qui
771 2642 1018 2699 existimat,
1033 2639 1153 2688 hane
1239 2641 1361 2692 dicto
1389 2641 1518 2691 abusi
1548 2651 1686 2700 sunt,
1717 2651 1769 2691 ut
1794 2640 2063 2701 Manichaei,
2094 2640 2250 2691 Dona-

147 2717 391 2768 Salvatoris
419 2723 694 2772 sententiam
719 2738 814 2770 esse
835 2721 1153 2786 accipiendam
1241 2725 1385 2784 tistae7
1418 2721 1683 2786 Pelagiani7
1712 2721 2005 2782 calviniani,
2038 2734 2122 2773 etc.

1310 2803 1375 2867 (2)
1393 2802 1570 2851 Adhuc
1581 2805 1811 2852 inunctus
1828 2805 1891 2867 (id
1911 2815 2012 2866 est,
2033 2805 2250 2853 catechu-

1243 2886 1438 2949 menus)
1459 2885 1692 2949 loquitur,
1711 2889 1862 2951 inquit
1879 2885 1930 2934 S.
1947 2885 2246 2950 Augustinus.

1244 2967 1377 3016 Nam
1407 2975 1453 3014 et
1476 2976 1743 3032 peccatores
1778 2966 1975 3014 exaudit
2001 2966 2154 3014 Deus.
2192 2967 2253 3015 Si

114 2792 314 2861 sensu,
361 2812 414 2849 ut
455 2804 625 2862 aiunt,
646 2802 855 2862 morali,
895 2821 1062 2867 nempe
1100 2821 1154 2851 ex

152 2885 460 2932 communiter
500 2840 872 2949 contingentibus
892 2921 906 2945 7
947 2885 1061 2933 adeo
1105 2894 1157 2932 ut

154 2949 382 3012 fieristnon
414 2968 586 3030 possit,
620 2969 736 3032 quin
765 2965 868 3014 falsi
897 2967 1122 3031 prophetae
1140 3003 1154 3025 7

155 3046 235 3111 qui
256 3047 552 3096 simulatione
584 3050 835 3096 sanctitatis
855 3063 1040 3111 pravam
1073 3048 1159 3096 do·-

155 3129 350 3177 ctrinam
366 3130 640 3178 confirmare
664 3127 951 3179 contendunt
970 3167 983 3189 7
1012 3129 1091 3178 diu
1111 3147 1158 3178 se

155 3209 219 3257 ita
251 3212 387 3259 ovina
417 3211 534 3276 pelle
565 3221 720 3277 tegant
737 3250 750 3272 7
783 3222 834 3260 ut
860 3210 1046 3260 tandem
1074 3210 1158 3260 ali-

155 3291 371 3356 quando,
407 3294 486 3358 qui
521 3292 608 3342 sub
643 3311 694 3342 ea
722 3294 831 3342 latet
852 3331 864 3353 7
897 3292 1032 3359 lupus
1061 3311 1159 3342 non

155 3383 388 3437 appareat.
404 3372 508 3422 Non
525 3378 648 3424 enim
665 3386 811 3441 potest
827 3374 909 3425 diu
925 3377 1158 3425 simulatio

153 3457 391 3504 veritatem
436 3458 622 3506 imitari.
669 3455 804 3522 Quod
848 3461 898 3514 in
945 3456 1159 3507 omnibus

154 3535 374 3585 haereticis
399 3537 502 3585 fleri
535 3539 758 3587 videmus.
783 3537 1007 3588 Recenset
1043 3555 1157 3606 prae·

154 3627 274 3667 terea
302 3621 507 3685 quinque
536 3621 609 3668 vel
644 3638 718 3669 sex
755 3622 843 3670 sibi
875 3621 1160 3673 adversantes

154 3716 327 3749 errores
367 3702 683 3751 haereticorum
705 3739 718 3763 7
761 3705 842 3769 qui
872 3705 966 3752 hoc·
993 3704 1159 3752 Christi

1243 3050 1374 3097 enim
1406 3056 1672 3115 peccatores
1708 3047 1846 3095 Deus
1884 3064 1982 3095 non
2013 3048 2204 3096 audiret
2233 3086 2247 3107 ,

1238 3130 1424 3195 frustra
1440 3128 1520 3178 ille
1538 3128 1834 3194 publicanus
1852 3165 1867 3190 7
1900 3128 2056 3178 oculos
2074 3132 2130 3177 in
2153 3140 2246 3178 ter-

1243 3228 1350 3260 ram
1371 3209 1646 3272 demittens,
1673 3220 1719 3259 et
1736 3219 1904 3277 pectus
1919 3228 2249 3279 suumpercu-

1245 3296 1367 3342 tiens
1392 3331 1405 3354 7
1445 3293 1621 3342 diceret
1645 3311 1658 3342 τ
1686 3293 1824 3343 Deus
1849 3333 1862 3355 7
1886 3296 2135 3361 propitius
2153 3303 2246 3342 esto

1244 3376 1368 3424 mihi
1379 3378 1622 3442 peccatori
1637 3378 1660 3441 (
1682 3374 1848 3426 Tract.
1870 3393 1974 3427 xmv
1990 3414 2008 3440 7
2025 3380 2081 3425 in
2097 3377 2244 3426 Joan.

1245 3476 1295 3508 n.
1335 3458 1442 3520 13).
1467 3457 1564 3507 Cfr.
1590 3456 1797 3508 Maldon.
1830 3463 1881 3508 in
1911 3460 2037 3508 hunc
2065 3459 2157 3507 loc.

1314 3538 1379 3604 (3)
1416 3539 1512 3588 Cfr.
1554 3539 1693 3592 Bern.
1741 3557 1769 3589 a
1810 3539 1908 3591 Pio.
1949 3552 1996 3590 et
2035 3540 2175 3590 Corn.
2225 3556 2251 3587 a

1246 3621 1360 3688 Lap.
1391 3625 1441 3671 in
1464 3621 1589 3672 hunc
1606 3623 1696 3671 loc.
