2430 4056
350 227 507 265 unm.
550 229 593 275 1.
639 227 760 265 car.
807 226 887 268 ιν.
935 226 1003 263 ΒΕ
1047 229 1271 266 NATURA
1313 231 1379 267 Εἰ·
1422 230 1592 270 n1v1S.
1650 231 1814 268 ann.
1859 231 1975 269 nro.
2063 211 2174 271 163

112 359 345 423 meritus
365 375 451 424 est
475 363 730 423 Christus
749 409 762 431 ‚
794 373 852 422 et
880 362 1029 422 hanc-
1054 367 1293 444 gratiam
1319 366 1576 434 sanitatis
1605 389 1704 427 seu
1733 366 2042 428 voluntatis
2067 414 2083 443 .‚
2109 382 2197 429 uti

110 468 319 516 vocant
338 502 354 532 7
378 478 504 539 quae
523 457 697 534 gratia
727 455 1117 517 illustrationis
1141 459 1306 538 longe
1330 447 1546 518 firmior
1569 481 1631 519 ac
1659 462 1856 520 fortior
1891 472 1976 520 est
2006 508 2022 536 .,
2052 464 2175 523 vin-

115 549 267 610 dicat
294 562 353 610 et
397 550 638 608 adstruit
674 550 739 607 S.
781 551 1129 628 Augustinus
1170 553 1443 614 adversus
1479 548 1805 632 Pelagianos
1837 555 1899 612 in
1934 555 2033 614 lib.
2072 557 2168 615 cit.

112 647 235 703 Imo
270 643 503 702 ulterius
540 642 941 722 progreditur3
994 646 1291 725 disputans
1339 647 1494 704 enim
1534 646 1805 707 adversus
1870 649 2169 707 monachos

109 736 507 797 Adrumetinos
539 735 691 793 totus
721 736 782 792 in
810 734 874 794 eo
905 749 1028 808 est,
1068 750 1132 796 ut
1171 740 1410 816 gratiam
1436 739 1585 796 hanc
1613 741 1871 798 sanitatis
1902 785 1917 814 ‚
1950 763 2061 820 qua
2082 743 2175 799 in-

107 831 345 889 struitur
372 828 543 886 homo
581 828 770 908 lapsus
807 851 912 910 per
943 830 1150 889 Christi
1187 833 1390 889 merita
1416 875 1432 905 ‚
1471 832 1669 889 efferat
1703 844 1762 890 et
1809 835 2175 894 commendet

34 928 37 931 ⁴
105 939 222 1004 prae
247 922 640 980 illustrationis
668 926 843 1000 gratia
862 968 876 997 ‚
907 945 1018 1003 qua
1049 924 1323 1004 praeditus
1351 935 1473 983 erat
1490 925 1662 982 homo
1690 926 1985 984 innocens,
2015 930 2172 987 Inter

106 1027 288 1075 cetera
315 1037 485 1096 porro
520 1015 847 1074 discrimina
875 1028 932 1074 et
956 1016 1063 1074 hoc
1092 1028 1355 1083 recenset
1376 1062 1391 1089 ,
1430 1017 1586 1096 quod
1627 1018 1804 1096 gratia
1829 1019 1925 1076 illa
1950 1019 2174 1079 dederit

105 1110 292 1191 primo
321 1109 542 1166 homini
569 1108 747 1166 solam
772 1111 1209 1189 perseverantiae
1236 1109 1671 1189 possibilitatem
1696 1132 1795 1169 seu
1822 1113 2173 1190 potentiamg

109 1223 242 1261 cum
282 1202 402 1261 haec
432 1203 687 1259 conferat
722 1213 779 1260 et
810 1204 989 1282 ipsam
1012 1204 1499 1283 perseverantiam
1521 1248 1535 1276 ‚
1572 1214 1636 1261 ut
1663 1215 1823 1283 patet
1850 1205 1908 1261 in
1937 1205 2180 1284 praedes-

104 1298 300 1355 tinatis
323 1342 338 1371 ‚
368 1298 464 1378 qui
494 1319 618 1355 eam
645 1307 772 1355 actu
794 1297 1152 1369 habuerunt3
1185 1303 1285 1356 etsi
1315 1319 1520 1375 magna
1541 1298 1857 1356 intercedat
1871 1299 2178 1381 disparitas

97 1391 249 1449 inter
285 1391 671 1449 conditionem
717 1391 962 1448 hominis
994 1392 1312 1449 innocentis
1353 1402 1410 1448 et
1434 1391 1681 1448 hominis
1721 1391 1863 1472 lapsi
1902 1393 2078 1451 relate
2103 1394 2179 1452 ad

101 1485 433 1543 facilitatem
474 1485 568 1544 vel
619 1484 1008 1543 difficultatem
1066 1483 1474 1564 perseverandi
1505 1529 1519 1555 ,
1575 1496 1641 1542 ut
1690 1486 1811 1565 ipse
1865 1488 1920 1542 S.
1969 1490 2178 1545 Doctor

101 1578 216 1638 late
266 1580 627 1659 prosequitur
671 1578 1119 1658 (l).Pe1-peram
1166 1590 1363 1637 tamen
1408 1580 1689 1658 quispiam
1734 1579 2006 1653 inferret,
2054 1603 2176 1639 non

107 1671 230 1731 dari
268 1672 596 1730 hominibus
634 1671 805 1753 lapsis
839 1671 1010 1729 aliam
1042 1673 1279 1750 gratiam
1308 1683 1516 1752 praeter
1555 1672 1838 1731 efficacem
1864 1718 1879 1745 ,
1918 1686 2015 1731 aut
2052 1696 2182 1755 per-

108 1767 490 1826 severantiam
514 1767 698 1846 ipsam
728 1765 983 1838 finalem,
1011 1777 1184 1845 prout
1202 1767 1385 1825 activa
1407 1778 1464 1824 et
1491 1768 1711 1847 passiva
1740 1779 1844 1825 est.
1874 1769 2180 1848 Nunquam

108 1858 237 1917 talis
279 1880 444 1916 mens
475 1859 580 1915 fuit
611 1860 664 1915 S.
699 1859 1036 1937 Augustini3
1074 1870 1139 1915 ut
1173 1870 1396 1916 constat
1433 1880 1501 1917 ex
1540 1860 1805 1918 omnibus
1837 1861 1972 1919 locis
1994 1907 2007 1927 .‚
2058 1883 2182 1942 quae

106 1973 176 2011 ex
203 1953 326 2032 ipso
350 1950 692 2009 adduximus
719 1996 734 2024 ·,
755 1963 814 2008 et
845 1951 1012 2028 longe
1043 1951 1301 2030 pluribus
1323 1995 1339 2024 7
1375 1974 1501 2031 quae
1527 1953 1714 2010 afferri
1738 1966 1986 2032 possent.
2015 1956 2070 2012 Si
2096 1956 2184 2012 his

102 2044 387 2118 addatur,
434 2044 590 2124 quod
632 2043 767 2101 alias
805 2065 926 2101 non
969 2044 1147 2101 semel
1192 2045 1702 2103 animadvertimus
1734 2091 1748 2119 a
1793 2047 1942 2104 hanc
1983 2049 2177 2125 gratiae

99 2138 408 2198 ‘efficaciam
443 2159 511 2196 ex
546 2137 899 2218 praescientia
931 2137 1033 2194 Dei
1062 2182 1078 2211 7
1120 2158 1244 2217 quae
1274 2139 1448 2216 ipsius
1486 2140 1968 2219 omnipotentiam
2006 2142 2181 2198 comi-

11 2268 18 2271 ·
102 2242 292 2303 tetur„
325 2232 506 2311 repeti
542 2252 572 2287 a
610 2232 665 2288 S.
700 2233 971 2303 Doctore,
1007 2241 1197 2309 patet,
1233 2241 1417 2288 totam
1453 2232 1601 2289 male
1646 2245 2031 2292 constructam
2054 2255 2181 2292 cor-

73 2398 75 2400 p
104 2346 269 2384 ruere
295 2323 752 2397 adversariorum
775 2323 1101 2381 machinam
1130 2324 1237 2401 (2).
1276 2324 1376 2380 His
1417 2325 1725 2403 praemissis
1753 2326 1828 2384 ad.
1855 2326 2182 2404 intelligen-

105 2419 246 2477 tiam
269 2420 324 2476 S.
357 2417 658 2495 Augustini
680 2461 695 2490 .‚
733 2415 1149 2496 respondemus
1187 2415 1260 2474 ad
1292 2416 1535 2494 singula.

1178 2646 1253 2694 Sic
1278 2649 1399 2694 enim
1420 2647 1625 2712 loquitur
1652 2682 1667 2709 ‚
1704 2646 1891 2696 Enarr.
1925 2650 1982 2695 in
2005 2649 2096 2697 Ps.
2120 2666 2184 2709 u,

130 2614 133 2615 ᾗ
174 2650 241 2712 (ι)
276 2649 333 2698 Ν.
353 2625 445 2698 38.

174 2730 242 2793 (2)
284 2730 377 2778 cfr.
403 2730 644 2777 Tricassin.
675 2746 748 2792 op.
780 2731 868 2799 ὀὴ.
903 2737 1015 2792 part.
1043 2745 1102 2788 11,

112 2820 221 2859 sect.
250 2826 396 2871 xx1113
418 2820 516 2858 tum
535 2813 584 2857 in
602 2827 677 2874 op.
706 2811 780 2856 cui
800 2810 956 2856 titulus
982 2825 995 2855 ε
1020 2807 1095 2854 De

104 2892 527 2957 praedestinatione
553 2892 615 2940 ad
636 2890 866 2955 qloriam,
894 2908 998 2956 pag.
1043 2908 1059 2937 1
1085 2928 1098 2949 ‚

113 2983 222 3022 sect.
266 2990 331 3032 iv,
365 2982 534 3037 puncto
565 2989 612 3030 1,
650 2973 731 3020 ubi
766 2970 897 3036 plura
938 2972 1107 3035 profert

117 3051 170 3099 S.
202 3050 445 3115 Augustini
478 3053 738 3099 testimonia
770 3053 826 3099 ad
863 3051 951 3098 hoc
978 3054 1107 3099 evin·

117 3132 330 3180 cendum.
368 3131 466 3180 Cfr.
502 3135 639 3179 etiam
665 3133 786 3179 idem
814 3142 969 3178 auctor
988 3167 1001 3190 ,
1030 3131 1108 3178 De

116 3211 411 3277 indifferenti
423 3245 440 3274 ‚
459 3221 546 3261 etc.
563 3222 675 3276 part.
690 3213 744 3270 ιι,
764 3223 874 3260 sect.
903 3228 975 3260 tv.
994 3211 1108 3258 Satis

116 3289 194 3340 hic
222 3296 310 3348 sit,
347 3293 754 3341 luculentissimum
792 3294 1108 3340 testimonium

118 3374 342 3422 adducere
366 3389 424 3421 ex
456 3372 510 3436 S.
558 3373 782 3440 Doctum,
818 3376 935 3422 inter
970 3376 1109 3419 innu-
1144 3380 1157 3393 ‘¹

126 3470 254 3508 mera
289 3472 387 3520 quae
417 3453 567 3519 afferri
592 3465 807 3519 possent,
839 3464 890 3502 ut
926 3463 1110 3518 pateat,

121 3533 273 3598 ipsum
302 3535 487 3599 plenam
517 3551 570 3582 ae
605 3535 851 3598 perfectam
880 3536 1112 3600 agnovisse

121 3613 322 3663 hominis
365 3615 477 3681 lapsi
520 3615 784 3679 electionem
823 3615 909 3664 sub
951 3618 1110 3680 gratia.

1188 2744 1420 2791 exponens
1464 2728 1598 2775 verba
1637 2728 1713 2775 illa
1763 2727 1999 2776 Dilexisti
2041 2729 2183 2777 mali-

1187 2809 1306 2854 tiam
1344 2825 1357 2855 ι
1389 2809 1679 2871 Beniqnitas
1713 2818 1823 2855 ante
1846 2819 1924 2871 τος
1953 2812 2188 2873 iniquitas

1186 2898 1296 2934 ante
1345 2896 1387 2934 te
1400 2909 1419 2944 ;
1458 2905 1681 2953 compara
1718 2898 1762 2936 et
1806 2889 1941 2952 eliqe.
1988 2890 2044 2936 Et
2068 2890 2188 2938 infra

1185 2969 1301 3016 ibid.
1333 2969 1524 3034 loquens
1553 2970 1608 3016 de
1627 2969 1780 3032 lingua
1802 2987 1815 3016 :
1836 2969 1963 3016 Ante
1995 2978 2038 3016 te
2059 3006 2072 3030 ‚
2106 2973 2195 3026 in-‚

1187 3053 1317 3115 quit,
1347 3059 1413 3096 est
1435 3051 1664 3113 aequitas,
1700 3058 1806 3096 anie
1832 3058 1874 3097 te
1902 3059 1970 3097 est
1996 3051 2181 3114 iniqui-

1185 3140 1289 3189 ta8‚
1328 3146 1477 3177 unam
1506 3130 1722 3192 linquam
1754 3118 1895 3178 habes
1915 3168 1927 3190 ‚
1970 3148 2061 3194 quo
2106 3131 2183 3177 vis

1187 3227 1290 3258 eam
1308 3213 1449 3258 vert-is
1477 3228 1490 3258 :
1512 3227 1656 3273 quare
1681 3227 1787 3274 erqo
1808 3199 1969 3276 potius
1996 3211 2060 3259 ad
2074 3212 2175 3257 ini-

1187 3295 1442 3356 quitatem,
1487 3298 1531 3338 et
1572 3307 1669 3337 non.
1696 3291 1760 3338 ad
1802 3296 2073 3357 oequitatem
2091 3291 2179 3345 ?...

1196 3372 1341 3422 Sicut
1373 3373 1507 3435 eliqi’s
1545 3387 1635 3435 quo
1670 3376 1874 3421 vescaris
1904 3412 1918 3434 ,
1956 3379 2027 3424 sio
2053 3377 2188 3442 eliqe,

1187 3453 1310 3518 quid
1343 3453 1582 3516 laqueari-33
1615 3455 1861 3518 praeponis
1890 3457 2192 3521 iniquitatem

1191 3535 1406 3598 oequitati
1424 3570 1438 3594 ,
1476 3541 1520 3581 et
1547 3535 1790 3599 praeponis
1835 3536 2072 3586 malitiam
2112 3538 2191 3586 bo·

1189 3616 1423 3680 niquitate*
1444 3651 1458 3676 ,
1506 3623 1560 3664 tu
1592 3616 1803 3686 quidem>
1827 3604 2105 3684 proeponis.
2134 3618 2192 3667 Et

1799 3709 1896 3768 11.
