2540 4074
284 202 362 260 26
1034 222 1230 259 macr.
1278 220 1350 260 nn
1391 218 1615 259 enum.

285 369 465 426 aliter
487 387 615 426 -non
643 384 867 447 possem
907 384 1022 423 esse
1057 367 1388 436 continens,
1433 365 1560 422 ni‘si
1590 362 1751 422 Deus
1778 361 1877 420 det
1885 403 1907 433 ,
1945 370 2000 419 et
2031 361 2135 420 hoc
2175 362 2380 438 ipsum

285 472 417 521 erat
454 462 779 540 Sapientioe
808 503 824 534 ‚
868 460 1019 517 scire
1059 463 1236 535 cujus
1278 467 1422 516 esset
1457 457 1686 515 donam
1709 499 1730 527 ,
1774 456 1914 514 adii
1951 456 2287 515 Dominum
2328 465 2384 512 et

286 558 629 635 deprecatus
669 576 804 613 sum
846 555 1039 611 illum.
1087 554 1212 625 Quo
1253 560 1482 631 spectat
1521 561 1582 610 et
1605 549 1755 609 illud
1794 549 2050 630 Apostoli
2098 549 2320 608 dictum
2356 569 2370 606 ε

299 652 447 711 Velle
469 652 700 726 aquacet
723 649 880 714 mihi
903 672 919 720 ς
934 648 1215 726 perficere
1240 657 1440 704 autem
1468 646 1692 704 bonum
1711 690 1727 720 ,
1759 666 1880 703 non
1902 649 2138 705 invenio
2161 645 2184 724 (
2212 647 2378 704 Rom.

287 746 395 803 VII
413 789 427 817 ‚
471 743 561 803 18.
580 744 639 823 );
669 744 784 801 imo
805 741 920 800 huc
941 741 1234 819 integrum
1264 739 1514 800 refertur
1535 750 1709 820 caput
1739 741 1840 798 VII
1868 740 2052 821 Epist.
2081 739 2157 798 ad
2182 734 2379 813 Rom.‘;

287 838 387 897 ubi
427 838 694 919 graphice
721 837 1023 920 Apostolus
1054 835 1326 896 describit
1354 835 1605 894 hominis
1631 835 2038 916 impotentiam
2076 836 2152 894 ad
2196 835 2383 915 legem

287 934 411 992 sine
441 933 652 991 Christi
691 933 870 1012 gratia
906 931 1275 991 servandam.
1320 931 1400 989 Ex
1442 929 1565 988 haec
1599 950 1773 1010 porro
1802 929 2174 1004 difficultate,
2207 951 2384 1010 quam

288 1030 352 1087 in
389 1050 448 1088 se
475 1027 651 1087 homo
679 1027 974 1109 experitur
1002 1026 1076 1085 ad
1112 1025 1533 1086 continendum
1570 1047 1630 1084 se
1660 1025 1720 1083 in
1756 1024 1941 1084 officio
1962 1070 1978 1100 ,
2013 1024 2170 1103 origo
2201 1024 2385 1105 potis-

288 1123 433 1181 sima
462 1121 712 1181 habetur
745 1121 1085 1180 idololatriae
1121 1142 1185 1180 ac
1214 1120 1584 1203 polytheismi
1618 1165 1635 1195 ,
1687 1117 1896 1201 quibus
1935 1118 2010 1178 ad
2052 1117 2386 1200 turpissima

290 1238 531 1299 quaeque
554 1215 981 1275 cohonestanda
1018 1227 1216 1295 gentes
1249 1237 1367 1275 usae
1399 1226 1537 1278 sunt
1559 1260 1576 1290 ‚
1598 1225 1665 1273 ut
1687 1215 1766 1273 sic
1796 1213 2163 1273 conscientiae
2188 1213 2387 1272 stimu—

289 1311 374 1370 los
417 1322 475 1370 et
526 1332 765 1389 angores
818 1309 1008 1391 aliqua
1048 1310 1270 1369 ratione
1308 1309 1678 1369 suffocarent.
1736 1307 1955 1382 Quibus
2005 1309 2054 1367 si
2094 1306 2387 1367 addantur

289 1404 558 1464 nonnulli
584 1425 743 1463 casus
771 1426 879 1463 nec
898 1405 1295 1486 infrequentes
1314 1449 1331 1478 ,
1360 1405 1423 1462 in
1449 1403 1658 1486 quibus
1688 1403 1864 1462 homo
1895 1403 2049 1462 inter
2090 1402 2232 1482 legis
2258 1402 2386 1461 vio-

288 1500 570 1559 lationem
595 1520 660 1558 ac
690 1500 822 1559 vitae
854 1498 1165 1558 discrimen
1189 1498 1535 1558 colluctatur
1553 1544 1569 1573 ⁷
1595 1499 1752 1558 inter
1774 1497 2053 1557 delictum
2084 1496 2243 1578 quod
2277 1495 2387 1554 sibi

290 1595 592 1653 innoxium
625 1594 744 1652 fore
779 1593 1084 1675 pollicetur
1118 1604 1177 1652 et
1200 1593 1426 1652 lucrum
1460 1593 1806 1651 constitutus
1826 1636 1842 1665 ,
1867 1591 1942 1651 ad
1965 1590 2205 1670 longum
2232 1601 2387 1650 tem-

289 1711 397 1770 pus
425 1689 678 1770 profecto
707 1710 826 1747 non
854 1687 1115 1747 subsistit
1148 1688 1259 1768 (l).
1295 1687 1462 1761 Quod
1486 1698 1682 1747 autem
1708 1687 1780 1747 de
1800 1686 1924 1767 lege
1956 1687 2019 1744 in
2045 1686 2387 1746 universum

291 1783 507 1842 dictum
551 1795 665 1857 est,
708 1783 981 1866 peculiari
1019 1783 1244 1842 ratione
1280 1782 1555 1841 affirmari
1594 1782 1770 1842 debet
1807 1782 1882 1841 de
1918 1792 2212 1863 praecepto
2253 1779 2386 1839 dili-

291 1877 463 1956 gendi
492 1880 675 1938 Deum
700 1899 873 1959 super
898 1879 1092 1936 omnia
1109 1921 1127 1950 ‚
1157 1896 1353 1935 amore
1389 1897 1602 1957 nempe
1621 1881 2044 1956 appretiativo,
2062 1875 2163 1956 qui
2185 1873 2386 1933 obser—

292 1972 551 2031 vantiam
584 1972 758 2030 totius
789 1971 927 2050 legis
965 1971 1207 2029 includit
1228 2015 1244 2044 ‚
1275 1982 1342 2029 ut
1385 1992 1491 2052 per
1519 1991 1580 2029 se
1618 1982 1817 2053 patet3
1856 1991 1965 2030 nec
1999 1969 2264 2052 pluribus
2310 1968 2386 2028 ad

292 2065 355 2124 id
395 2065 916 2142 demonstrandum
951 2087 1095 2145 opus
1132 2076 1235 2125 est.

373 2159 473 2219 48.
523 2163 589 2217 In
622 2163 974 2219 immensum
1019 2159 1267 2240 denique
1304 2181 1487 2242 prope
1526 2170 1767 2239 augetur
1812 2158 1932 2218 haec
1965 2158 2275 2218 difficultas
2316 2179 2389 2218 ex

294 2275 362 2312 eo
384 2298 400 2325 ,
435 2254 589 2334 quod
612 2255 782 2313 tertio
806 2253 930 2313 loco
954 2255 1357 2313 constituimus
1378 2299 1394 2329 ‚
1427 2276 1559 2313 cum
1588 2275 1789 2334 graves
1809 2275 2022 2336 nempe
2037 2255 2389 2313 tentationes

294 2347 554 2407 animum
597 2348 831 2430 pulsant
858 2395 874 2424 .,
915 2371 1058 2430 quas
1097 2349 1221 2408 sine
1267 2350 1446 2428 gratia
1495 2360 1739 2408 sanante
1774 2349 2006 2409 vincere
2053 2348 2228 2408 homo
2269 2370 2391 2407 non

296 2454 504 2522 potest.
536 2443 827 2522 Ejusmodi
853 2454 1046 2503 autem
1067 2444 1417 2503 tentationes
1442 2443 1566 2503 aliae
1590 2443 1787 2505 inditae
1808 2443 2031 2503 homini
2047 2455 2185 2503 sunt
2202 2488 2218 2518 ‚
2246 2464 2390 2525 quas

295 2536 508 2596 scilicet
543 2538 888 2616 ingenerant
937 2539 1314 2620 cupiditate53
1354 2538 1479 2598 aliae
1523 2551 1813 2614 externae,
1861 2560 1991 2621 quae
2033 2538 2127 2599 vel
2163 2559 2235 2598 ex
2268 2538 2392 2597 (136-

295 2631 483 2688 monis
519 2631 824 2690 assultibus
842 2677 858 2707 .,
901 2633 996 2692 vel
1030 2655 1101 2691 ex
1128 2633 1336 2691 mundi
1357 2632 1774 2692 blandimentis
1798 2655 1863 2693 ac
1889 2631 2172 2693 illecebris
2198 2634 2394 2692 oriun-

296 2735 409 2784 tur.
453 2725 835 2785 Vehementes
886 2726 1232 2809 quandoque
1274 2740 1333 2788 et
1371 2749 1527 2788 acres
1570 2729 1715 2789 adeo
1755 2728 2020 2788 stimulos
2053 2728 2394 2811 cupiditates

297 2823 553 2881 excitant
574 2867 590 2896 .,
621 2835 687 2882 ut
712 2824 947 2882 nonnisi
977 2845 1124 2903 aegre
1140 2823 1212 2882 ab
1234 2825 1302 2883 iis
1325 2824 1499 2884 homo
1524 2846 1643 2884 non
1666 2824 1986 2907 abripiatur
2013 2848 2028 2884 ε
2066 2826 2216 2885 Caro
2232 2830 2396 2885 enim

298 2922 664 2996 concupiscit
715 2920 997 2977 adversus
1047 2924 1338 2998 spiritam
1361 2961 1384 2992 ,
1432 2931 1488 2978 et
1521 2925 1774 3000 spiritus
1833 2922 2116 2980 adversus
2151 2942 2397 3000 carnem

302 3010 464 3087 (Gal.
504 3013 574 3086 V,
603 3013 716 3091 17)
732 3056 753 3084 ,
789 3014 980 3095 inquit
1009 3013 1344 3095 Apostolus3
1386 3015 1485 3096 qui
1520 3026 1798 3096 praeterea
1843 2998 1916 3075 de
1953 3036 2015 3075 se
2044 3037 2116 3075 ex
2150 3001 2422 3096 personav

302 3102 552 3163 hominis
588 3105 693 3164 sub
730 3107 853 3188 lege
881 3108 1151 3168 contituti
1185 3108 1383 3168 scribit
1410 3132 1424 3167 ε
1474 3111 1650 3171 Video
1675 3112 1868 3170 aliam
1900 3112 2078 3190 leyem
2107 3115 2175 3169 in
2213 3132 2400 3170 mem-

305 3199 432 3256 hris
466 3204 608 3257 meis
627 3244 643 3273 .,
673 3214 1102 3282 repuqnarztern
1130 3204 1244 3283 leqi
1272 3209 1484 3263 mentis
1507 3227 1648 3264 meoe
1665 3248 1686 3276 ,
1713 3215 1768 3263 et
1788 3210 2187 3284 captivantem
2215 3227 2307 3263 me
2329 3207 2400 3263 in

305 3294 420 3372 1696
449 3299 714 3372 peccati,
751 3318 883 3374 quce
919 3309 1002 3356 est
1041 3303 1112 3356 in
1139 3300 1424 3358 memhris
1461 3305 1607 3359 meis
1651 3300 1856 3380 (Rom.
1892 3301 1991 3358 VII
2013 3345 2029 3375 ,
2055 3300 2192 3381 23).
2235 3298 2402 3373 Quod

307 3399 368 3447 et
403 3387 676 3448 viderunt
703 3390 915 3449 ethnici
941 3392 1051 3473 ipsi
1070 3397 1235 3470 juxta
1275 3394 1478 3452 tritum
1514 3394 1660 3453 illud
1686 3406 1873 3476 poetae
1896 3394 2154 3456 dictum:
2192 3455 2195 3457 ,

468 3540 746 3555 .....
789 3499 985 3556 Aliud
1019 3501 1327 3578 cupiditas
1351 3546 1368 3575 7
1412 3524 1579 3561 mens
1620 3505 1800 3561 aliud
1834 3506 2081 3572 suadem

479 3589 652 3648 Video
692 3593 939 3651 meliora
969 3595 1270 3673 proboque
1299 3639 1316 3669 ,
1360 3596 1654 3655 deteriora
1695 3619 1917 3677 sequor.

392 3734 461 3799 (l)
497 3735 592 3786 Csr.
630 3737 815 3788 Roberti
841 3737 887 3787 S.
915 3739 963 3791 J.
997 3739 1138 3790 Della
1159 3742 1352 3808 probitd
1386 3744 1622 3795 naturale.
