2430 4056
642 163 834 203 macr.
881 162 952 198 DE
991 158 1369 200 SAGRAMERTIS
1416 162 1477 198 IN
1520 127 1757 199 anmi-nn.

151 148 268 212 386

155 321 226 369 ut
265 313 348 370 sit
380 313 449 366 in
496 311 739 385 signum
768 303 1055 381 faederis,
1095 300 1226 359 initi
1269 287 1486 362 scilicet
1521 323 1654 362 cum
1684 300 1978 372 Abraham
2024 311 2266 391 ejusque-

150 403 504 485 posteritate.
535 398 686 459 Hinc
702 397 758 456 S.
784 396 1049 456 ,Iustinus
1074 393 1273 454 scribit
1299 417 1312 451 :
1355 394 1887 458 Circumcz‘sionem
1903 399 2258 483 (Abraham)

149 501 377 578 accepit
421 499 491 552 in
537 499 778 571 siqnum
808 535 824 564 ,
897 510 1019 549 non
1075 490 1163 548 ad
1197 491 1520 566 justiciam
1572 491 1688 572 (1).
1763 493 1982 553 Similia
2040 495 2261 558 habent

152 595 440 661 Irenaeus,
493 585 916 660 Tertullianus,
948 582 1391 663 Chrysostomus
1417 626 1433 657 ,
1478 579 1717 665 aliique⁴
1745 590 1942 648 Patres
1989 591 2154 670 graeci
2195 609 2262 652 ac

118 720 121 724 ·
153 687 319 746 latini
349 685 459 763 (2).
499 680 886 742 Bellarminus
922 678 1027 738 hos
1065 688 1294 738 secutus
1319 676 1468 736 nihil
1492 677 1554 735 in
1592 677 2020 751 circumcisione
2053 696 2263 767 praeter

152 801 382 839 merum
402 778 632 856 signum
647 774 907 855 agnovit,
928 771 1152 831 nullam
1167 771 1392 832 habens
1415 771 1658 832 tollendi
1675 790 1905 854 peccata
1925 779 2260 840 efficaciam.

151 875 224 934 Hi
264 872 512 956 proinde
553 869 826 948 Theologi
883 878 1149 950 spectant
1192 867 1690 927 circumcisionem
1728 869 1795 928 in
1838 893 1932 948 se3
1980 874 2112 950 alii,
2165 875 2265 957 qui

151 972 205 1028 S.
243 967 565 1046 Augustino
596 962 1063 1045 adstipulantur,
1110 972 1378 1043 spectant
1412 958 1912 1025 circumcisionem
1947 968 2109 1031 velut
2131 969 2268 1029 fidei

150 1065 615 1147 protestativam.
660 1060 817 1120 Nihil
858 1081 1033 1140 porro
1086 1068 1275 1131 vetat,
1313 1059 1624 1139 quominus
1666 1058 1773 1118 sub
1817 1060 1926 1120 hoc
1963 1055 2269 1142 posteriori

150 1169 416 1239 respectu
464 1158 530 1215 in
580 1155 1012 1214 circumcisione
1060 1153 1239 1212 etiam
1286 1163 1630 1232 agnoscatur
1685 1155 2013 1224 remedium
2051 1157 2127 1217 ad
2163 1158 2270 1220 de·

152 1253 395 1313 lendum
425 1263 734 1335 peccatum
760 1248 1036 1329 originale
1052 1292 1068 1322 ,
1109 1247 1428 1307 dummodo
1452 1259 1652 1310 tamen
1684 1248 1744 1308 id
1767 1271 1888 1309 non
1913 1250 2271 1335 intelligatur

150 1350 211 1406 in
240 1371 413 1408 sensu
442 1395 458 1424 7
500 1361 566 1407 ut
602 1349 799 1421 aiunt,
840 1344 1167 1418 exclusiv03
1215 1364 1349 1402 cum
1401 1344 1570 1425 plura
1609 1344 1719 1403 alia
1762 1345 1952 1406 media
1997 1347 2073 1407 ad
2108 1347 2272 1408 hunc

151 1444 420 1503 effectum
453 1441 896 1525 producendum
919 1460 1042 1498 esse
1059 1440 1358 1520 potuerint
1377 1485 1391 1512 ,
1417 1441 1742 1520 praesertim
1768 1462 1877 1523 pro
1911 1441 2231 1502 infantibus
2249 1487 2268 1518 ,

153 1540 252 1619 qui
282 1551 416 1598 ante
442 1552 713 1600 octavum
729 1560 760 1595 a
778 1535 1086 1597 nativitate
1108 1533 1265 1595 diem
1289 1533 1666 1609 decesissent,
1692 1547 1750 1595 et
1771 1558 1878 1618 pro
1900 1537 2130 1596 feminis
2157 1537 2270 1617 (3).

222 1635 356 1693 196.
377 1635 443 1692 20
462 1636 533 1693 Et
543 1634 667 1693 haec
682 1632 754 1691 de
771 1630 1155 1691 Sacramentis
1172 1630 1393 1690 Veteris
1410 1631 1535 1709 Lgis
1551 1630 1887 1691 adnotanda
1905 1644 2090 1692 erant.
2106 1634 2275 1692 Nunc

159 1921 377 1982 quamvis
420 1919 612 1966 brevius
642 1926 689 1966 et
723 1917 1006 1978 obscurius,
1047 1919 1166 1982 quia

151 2016 249 2047 non
268 2009 370 2048 erat
397 2017 581 2047 necesse
604 2039 616 2061 ‚
662 2016 771 2047 cum
784 2002 899 2066 Jam
942 2017 1015 2047 res
1050 2008 1166 2047 esset

157 2081 355 2144 definita
382 2117 398 2142 ,
453 2100 556 2129 sess.
594 2098 644 2145 7,
687 2100 793 2128 can.
835 2098 883 2130 2.
923 2081 1017 2139 Ast,
1044 2081 1162 2127 si'id

148 2163 245 2228 jam
263 2164 422 2210 fuisset
448 2163 692 2209 definitum
709 2195 723 2221 ,
745 2179 882 2208 nemo
904 2161 1167 2208 Catholico-

152 2261 257 2290 rum
290 2261 426 2291 ausus
446 2245 605 2290 fuisset
627 2243 790 2289 docere
811 2278 824 2302 ,
859 2252 936 2288 aut
965 2245 1167 2288 circum-

153 2327 372 2372 cisionem
403 2334 480 2370 aut
511 2321 803 2370 Sacramenta
835 2322 1039 2369 Mosaica
1063 2322 1164 2368 reli·

108 2439 111 2441 »
155 2423 244 2471 qua
273 2409 366 2453 vim
405 2405 619 2452 habuisse
660 2404 945 2467 producendi
971 2406 1164 2467 gratiam

153 2506 205 2535 ex
232 2505 364 2551 opere
383 2496 565 2550 operato
582 2522 594 2540 ‚
619 2484 779 2532 saltem
788 2502 881 2549 per
901 2485 1127 2532 accidens
1149 2521 1161 2544 ,

158 2585 237 2616 seu
274 2578 501 2633 quatenus
552 2568 713 2614 saltem
751 2576 880 2613 erant
915 2568 1041 2630 signa
1068 2584 1164 2630 pro·

161 2652 365 2698 testativa
387 2650 522 2713 fidei3
543 2659 747 2697 attamen
770 2665 864 2696 non
892 2652 1026 2714 pauci
1045 2650 1165 2697 hanc

160 2734 466 2790 sententiam,
511 2742 564 2778 ut
608 2731 843 2790 vidimus,
882 2740 1152 2780 tenuerunt.

162 2813 312 2871 Adde,
333 2812 883 2862 InstructionemArmen.
901 2831 997 2861 non
1013 2832 1162 2878 posse,

161 2898 197 2942 si
233 2906 440 2944 accurate
467 2896 598 2961 loqui
636 2896 862 2954 velimus,
895 2899 1047 2944 vocari
1088 2897 1166 2944 de-

159 2977 416 3034 finitionem
453 2977 648 3025 Concilii
676 2978 965 3040 Florentini3
1004 2996 1114 3026 nam
1143 3003 1157 3037 ·,

162 3061 318 3107 ceteris
359 3061 535 3106 omissis
568 3097 580 3118 ‚
624 3070 890 3125 sequeretur
914 3097 927 3118 ,
971 3060 1029 3108 de
1068 3059 1160 3108 fide

161 3156 256 3187 esse
277 3176 288 3196 ,
323 3144 654 3204 porrectionem
672 3143 1090 3190 instrumentorum
1112 3144 1166 3189 in

162 3220 404 3271 collatione
431 3224 647 3271 ordinum
671 3227 906 3290 majorum
945 3242 1040 3272 esse
1067 3242 1166 3273 ma·

103 3326 105 3329 ·
162 3305 321 3351 teriam
366 3306 650 3354 essentialem
698 3307 867 3354 horum
901 3307 1121 3354 ordinum
1149 3345 1163 3367 ‚

164 3385 287 3450 quod
322 3395 476 3436 tamen
498 3406 584 3438 nec
607 3391 708 3453 ipse
738 3388 998 3438 Cardinalis
1045 3406 1162 3438 con-

164 3467 343 3526 tendit,
387 3470 481 3515 imo
534 3471 813 3518 contrarium
857 3471 1090 3530 adstruit,
1116 3481 1168 3519 ut

164 3564 244 3594 suo
274 3548 375 3597 loco
403 3550 623 3599 dicemus.
665 3552 924 3601 Concilium
967 3554 1168 3620 denique

163 3627 201 3674 T
202 3630 484 3680 ridentinum
501 3632 590 3682 loc.
610 3635 684 3682 cit.
705 3635 793 3684 hoc
805 3653 901 3684 non
918 3635 1128 3686 definivit
1146 3672 1160 3697 ,

1264 1921 1329 1966 uti
1346 1921 1662 1984 exposuimus-

1334 2000 1403 2063 (l)
1427 1997 1511 2054 Τὼ
1534 2005 1837 2066 vepre-apennis
1854 2002 2273 2063 σημεῒο1,ἆλλόιῖιο

1268 2084 1327 2133 εἷς
1368 2077 1649 2137 &noema-dvm
1696 2080 1872 2142 ἔλαβεν.
1906 2082 1960 2131 111
1988 2081 2134 2132 Dial.
2160 2098 2273 2131 oum

1275 2162 1463 2227 Tryph.
1496 2182 1548 2211 n.
1589 2165 1674 2212 23.

1332 2245 1395 2305 (2)
1433 2245 1532 2292 cfr.
1553 2246 1676 2308 apud
1699 2244 1917 2291 Bellarm.
1943 2242 2023 2291 De
2043 2240 2270 2293 Sacram.

1262 2324 1345 2372 lib.
1375 2338 1435 2385 ιι,
1466 2342 1567 2389 cap.
1606 2323 1684 2372 15.

1333 2405 1396 2469 (3)
1435 2406 1522 2454 Hic
1550 2407 1698 2454 obiter
1729 2407 1935 2455 notanda
1972 2417 2040 2455 est
2069 2406 2268 2471 singula-

1263 2490 1323 2536 ris
1353 2489 1491 2536 Bedae
1527 2474 1749 2539 sententia
1766 2524 1782 2549 ,
1813 2506 1955 2554 quam
1974 2489 2110 2537 refert
2134 2487 2268 2552 Hugo

1264 2570 1524 2618 Victorinus
1539 2607 1553 2631 ,
1572 2580 1700 2619 tract.
1723 2568 1884 2632 11‘1,De
1902 2567 2126 2620 Sacram.
2153 2579 2269 2619 tom.

1264 2667 1359 2712 111,
1393 2651 1492 2701 205
1514 2690 1527 2712 ‚
1560 2652 1643 2700 ubi
1677 2653 1833 2700 scribit
1875 2670 1889 2700 ε
1927 2651 2008 2699 De
2042 2650 2272 2699 mulieri-

1262 2734 1351 2782 bus
1375 2743 1533 2782 autem
1553 2736 1792 2799 quaeritur
1811 2771 1824 2793 ‚
1850 2733 1978 2799 quod
2005 2733 2271 2781 remedium

1261 2825 1426 2864 contra
1465 2817 1702 2881 oriqinale
1739 2823 1990 2882 peccatum
2023 2815 2267 2864 haberent.

1264 2892 1589 2964 lie-spondetur
1633 2915 1647 2946 ε
1685 2897 1832 2962 fidem
1866 2935 1880 2958 ,
1924 2896 2181 2946 oblationes
2223 2904 2271 2945 et

1262 2982 1523 3046 sacrificia.
1549 2981 1675 3030 Solet
1702 2983 1858 3047 quoeri
1889 2983 2036 3029 etiam
2064 2979 2122 3028 dc
2146 2996 2268 3046 par-

1263 3063 1414 3120 vulis,
1449 3065 1536 3129 qui
1561 3064 1888 3112 moriebantur
1918 3071 2027 3111 ante
2054 3070 2272 3111 octavum

1263 3145 1390 3193 diem
1412 3184 1425 3205 ‚
1456 3146 1582 3211 quod
1619 3145 1890 3194 remedium
1922 3143 2173 3205 haberem,
2197 3142 2272 3192 vel

1263 3236 1426 3275 utrum
1466 3227 1813 3276 damnarentur
1833 3245 1856 3288 ,·
1898 3225 2039 3274 Beda
2083 3224 2272 3274 videtur

1264 3309 1438 3368 dicere,
1458 3309 1584 3374 quod
1591 3309 1958 3368 damnarentur,
1974 3307 2156 3363 dicem,
2171 3314 2266 3355 etc.

1264 3390 1518 3441 Prudenter
1547 3402 1698 3441 tamen
1721 3391 1953 3440 concludit
1970 3389 2140 3454 Hugo:
2169 3387 2267 3437 Sed

1262 3473 1432 3523 melius
1459 3473 1649 3523 videtur
1666 3473 1751 3522 hoc
1771 3471 1869 3534 Dei
1897 3469 2281 3542 relinquendum,

1249 3558 1284 3622 j
1287 3555 1445 3605 udicio
1462 3594 1475 3617 ,
1490 3573 1634 3622 quam
1649 3565 1817 3605 temere
1835 3553 2028 3619 aliquid
2043 3552 2261 3622 definire.
