2540 4074
256 193 335 254 58

1001 211 1193 251 macr.
1238 212 1307 249 DE
1350 210 1560 253 GRATIA
1569 238 1581 250 .

255 364 311 413 et
333 357 422 412 vis
452 354 560 412 illa
589 362 826 412 naturoe
854 355 1055 409 inerat
1070 356 1153 410 eis
1166 393 1189 423 ,
1213 372 1336 431 qua
1365 353 1698 431 leqitimum
1732 354 1976 432 ali'quid
1995 357 2210 413 anima
2237 343 2363 414 νει-ἶ

264 450 507 508 ti'onalis
527 453 702 507 sentit
718 457 773 504 et
787 448 953 525 facit
969 444 1076 528 (l).

339 542 471 601 108.
516 541 579 599 3⁰
614 543 894 617 Demum
923 537 1078 618 quod
1105 538 1507 619 proposuimus
1535 515 1607 598 de
1639 540 1877 600 victoria
1902 541 2119 602 levium
2148 553 2342 602 tenta—

260 637 486 699 tionum
517 636 577 692 in
607 608 807 692 ordine
842 632 917 690 ad
941 630 1165 690 bonum
1191 631 1411 690 morale
1443 631 1576 690 solis
1609 645 1831 694 naturae
1866 636 2118 711 viribus
2162 637 2348 717 sequi-

255 741 352 788 tur
379 750 450 787 ex
484 727 666 786 dictis.
703 728 850 785 Nam
867 772 882 801 7
903 727 949 784 si
972 736 1161 808 potest
1183 725 1357 784 homo
1381 724 1575 807 lapsus
1591 727 1651 787 vi
1671 749 1773 787 sua
1800 729 2046 791 morales
2073 732 2347 791 veritates

255 823 470 904 aliquas
519 843 851 901 cognoscere
875 866 890 895 ,
941 822 988 879 si
1042 819 1196 880 valet
1240 831 1514 901 praeterea
1566 820 1818 881 faciliora
1865 823 2004 903 legis
2058 825 2302 907 implere
2327 870 2345 900 ,

257 917 463 998 quidni
504 918 716 998 poterit
762 916 918 977 leves
965 916 1140 975 etiam
1185 915 1536 974 tentationes
1578 916 1917 997 propulsare
1963 940 2029 977 ac
2077 920 2347 995 vincere,

254 1033 379 1093 quae
421 1012 609 1071 eidem
651 1010 804 1070 bono
846 1010 1206 1091 honestoque
1249 1009 1671 1070 adversantur?
1714 1013 1840 1070 Huc
1881 1024 2105 1094 spectat
2144 1035 2353 1095 propo-

255 1107 383 1166 sitio
423 1107 627 1164 XXIXa
652 1107 806 1183 BaJi‚
853 1127 983 1186 quae
1022 1126 1052 1162 a
1095 1106 1345 1163 Summis
1383 1104 1754 1164 Pontificibus
1782 1118 1981 1166 notata
2019 1117 2106 1166 est
2149 1131 2164 1165 t
2203 1108 2348 1167 Non

254 1205 366 1267 soli
386 1205 553 1279 fures
596 1205 673 1258 iis
708 1212 851 1259 sunt
874 1211 927 1258 et
968 1202 1227 1258 latrones
1255 1245 1275 1273 ,—
1301 1205 1415 1278 qui
1463 1201 1803 1273 Christum,
1842 1205 2007 1260 viam
2047 1213 2100 1260 et
2132 1207 2350 1261 ostium

256 1300 530 1354 veritatis
578 1307 633 1352 et
663 1298 794 1355 vitoe
847 1306 1098 1373 neyant,
1126 1295 1226 1351 sed
1260 1299 1439 1352 etiam
1475 1301 1837 1375 quicumque
1883 1298 2134 1356 aliunde
2165 1319 2354 1376 quam

246 1413 364 1469 per
383 1395 582 1469 ipsum
607 1395 674 1447 in
690 1395 852 1448 viam
862 1394 1124 1467 justitiae
1141 1391 1161 1466 (
1176 1388 1283 1447 hoc
1306 1400 1413 1463 est,
1444 1389 1696 1471 aliquam
1714 1392 2025 1471 justitiam)
2041 1393 2358 1451 conscendi

246 1505 412 1563 posse
453 1484 650 1541 docent
678 1528 693 1557 .,
726 1505 834 1541 AUT
874 1505 1202 1542 ΤΕΝΤΑΤῙΟΝῙ
1250 1506 1373 1541 Um
1419 1490 1547 1542 sine
1584 1492 1802 1563 qrati'oe
1831 1490 2026 1564 ipsius
2051 1487 2350 1564 adjutorio

257 1583 520 1637 resistere
539 1580 836 1636 hominem
841 1600 1008 1658 posse
1025 1624 1040 1653 7
1060 1583 1147 1637 sic
1175 1589 1246 1636 ut
1259 1583 1329 1637 in
1356 1600 1486 1637 eam
1516 1601 1637 1638 non
1659 1582 1996 1639 inducatur
2013 1625 2029 1655 ,
2046 1591 2161 1639 aut
2182 1582 2262 1639 ah
2285 1602 2378 1641 ea,

257 1694 377 1731 non
409 1685 719 1752 superetur
752 1673 861 1754 (2).

323 1834 388 1899 (l)
425 1833 529 1882 Lib.
592 1833 669 1881 De
720 1836 897 1900 spiritu
953 1844 996 1882 et
1047 1834 1205 1884 littera
1237 1873 1250 1897 ‚

255 1934 357 1981 cap.
393 1915 454 1965 28
479 1953 490 1974 ,
518 1934 566 1964 n.
596 1913 682 1977 48,

324 1999 392 2061 (2)
426 1998 491 2045 Ex
528 1998 668 2064 hujus
708 2000 1028 2063 propositionis
1065 2015 1255 2047 censura

255 2079 512 2143 colligitur,
555 2097 791 2145 perperam
829 2079 1138 2146 Vasquezium
1171 2080 1256 2128 do-

255 2164 399 2210 cuisse
417 2199 429 2222 ‚
458 2165 506 2209 in
545 2171 602 2208 ι’11
625 2177 679 2208 2ae
698 2160 746 2209 S,
779 2161 971 2221 Thom.‚
1001 2162 1118 2226 disp.
1146 2178 1252 2223 cxc,

254 2242 488 2291 hominem
504 2246 601 2291 sine
615 2245 947 2308 supernaturali
962 2246 1114 2307 gratiae
1129 2246 1257 2291 auxi-

254 2324 317 2372 lio
343 2325 523 2372 nullum
545 2342 675 2389 posse
692 2325 861 2372 morale
883 2342 995 2389 opus
1013 2325 1227 2389 perficere
1241 2362 1254 2386 ,

256 2406 524 2471 nullamque
544 2406 616 2455 vel
641 2407 789 2455 levem
812 2424 1023 2471 superare
1044 2409 1258 2455 tentatio-

257 2504 384 2536 nem.
415 2487 561 2536 Vellet
593 2488 779 2553 quidem
814 2490 909 2553 ipse
937 2506 983 2537 se
1013 2506 1038 2536 a
1070 2506 1257 2537 censura

260 2566 452 2616 liberare
473 2571 523 2616 in
547 2569 645 2635 Baji
674 2572 1027 2634 propositionem
1050 2570 1223 2635 prolata
1242 2607 1255 2630 ‚

225 2691 229 2694 r
259 2658 359 2695 tum
404 2652 513 2714 quia
541 2686 554 2709 ‚
603 2644 792 2714 inquit,
849 2661 942 2699 tam
977 2652 1078 2699 haec
1120 2670 1258 2716 quam

258 2730 416 2778 multae
455 2731 550 2778 alite
587 2729 684 2794 Baji
723 2734 1047 2796 propositiones
1074 2731 1131 2779 ob
1159 2748 1262 2780 acre

258 2811 510 2876 judicium,
531 2830 623 2878 quo
642 2812 818 2875 Doctor·
833 2813 910 2860 ille
939 2813 1132 2860 aliorum
1154 2831 1261 2877 pro-
1279 2857 1284 2860 Α

259 2895 508 2957 positiones
524 2894 853 2942 criminabatur
864 2930 876 2953 ‚
894 2894 1118 2942 damnatae
1132 2904 1258 2954 sunt;

261 2979 360 3022 tum
391 2978 499 3040 quia
536 2993 583 3024 se
618 2976 705 3023 alio
739 2991 877 3024 sensu
913 2993 1041 3024 suam
1078 2986 1262 3024 senten-

262 3058 372 3104 tiam
400 3058 637 3120 profitetur
664 3058 898 3106 adstruere
925 3057 982 3105 ab
1012 3075 1064 3105 eo
1082 3093 1096 3119 ‚
1124 3074 1263 3122 quem

261 3139 410 3186 tenuit
433 3137 588 3203 Bajus.
617 3137 789 3187 Verum
809 3176 822 3199 ‚
860 3148 912 3186 ut
944 3139 1264 3186 animadvertit

262 3218 430 3267 Suarez
449 3256 461 3278 ,
494 3218 687 3282 Proleq.
719 3237 765 3267 vt
783 3257 796 3279 ‚
835 3217 906 3268 De
934 3221 1127 3286 scriptis
1146 3236 1263 3285 pro-

263 3300 424 3348 batam
456 3299 512 3347 de
537 3301 698 3364 qratia
725 3300 989 3349 doctrinam
1015 3304 1265 3349 continen-

262 3382 393 3429 tibus
408 3418 422 3440 ,
437 3398 540 3446 cap.
561 3397 589 3428 2
607 3418 620 3440 ‚
644 3399 693 3428 n.
715 3398 732 3428 1
747 3397 774 3428 2
790 3398 805 3429 z
825 3382 1085 3446 Pontifices
1105 3391 1264 3449 aperte

264 3471 308 3510 et
323 3464 429 3510 sine
445 3461 545 3510 ulla
565 3463 867 3510 distinctione
881 3463 1142 3524 declarant,
1161 3462 1268 3511 illas

262 3545 518 3593 sententias
546 3560 591 3591 ιιι
621 3560 777 3591 meon:
800 3560 853 3590 ιτ
889 3560 1071 3592 rnormo
1103 3560 1268 3592 venno-

265 3642 354 3674 mm
379 3641 505 3674 seusu
539 3641 594 3673 ΑΒ
632 3639 938 3673 assumturus
969 3641 1154 3673 iti-remo
1187 3623 1274 3673 tali

265 3721 470 3756 censura
500 3705 676 3770 dignas
713 3721 827 3754 esse.
864 3706 986 3768 Quae
1015 3705 1156 3754 verba
1178 3743 1190 3766 ‚
1228 3708 1276 3753 si

1337 1844 1512 1884 attente
1562 1844 1828 1902 spectentur
1856 1871 1872 1895 ,
1921 1835 2016 1883 duo
2057 1837 2301 1885 continent
2323 1854 2346 1899 ‚⁰

1338 1935 1491 1964 unum
1519 1925 1587 1964 est
1606 1955 1618 1977 ‚
1647 1919 1931 1965 assertiones
1949 1916 2058 1964 illas
2076 1919 2132 1964 in
2151 1920 2352 1983 proprio

1338 1999 1586 2047 verborum
1630 2015 1772 2046 sensu
1799 2016 1895 2046 esse
1934 1998 2024 2046 tali
2050 2015 2252 2047 censura
2275 1999 2354 2047 di-

1334 2098 1491 2147 9nas;
1521 2080 1660 2128 aliud
1694 2090 1791 2141 est,
1819 2079 1955 2128 illum
1990 2081 2351 2144 sensumfuisse

1342 2162 1401 2211 ab
1430 2162 1742 2210 assertoribus
1771 2163 2066 2210 intentum...
2105 2161 2355 2228 Quoniam

1345 2245 1470 2292 alias
1517 2246 1780 2308 unicuique
1827 2243 2029 2291 liberum
2069 2239 2196 2302 erit,
2236 2260 2355 2309 pro-

1335 2328 1508 2392 prium
1539 2343 1730 2373 sensum·
1753 2363 1765 2384 ‚
1808 2333 2037 2389 tanquam
2073 2323 2132 2372 ab
2166 2333 2356 2373 auctore

1342 2411 1577 2456 intentum
1596 2447 1608 2469 ‚
1633 2407 1734 2455 illis
1749 2408 1906 2456 verbis
1928 2407 2149 2472 affinqere
2164 2442 2180 2467 ,
2213 2415 2258 2454 et
2279 2404 2357 2453 illi
2427 2455 2429 2457 ,

1343 2490 1694 2540 accommodare
1704 2489 1955 2556 judicium
1986 2488 2245 2552 Pontifici-5
2262 2524 2276 2547 ‚
2302 2495 2357 2535 ut

1336 2575 1590 2638 propriam
1606 2575 1882 2638 opinionem
1899 2571 2054 2619 verbis
2070 2572 2224 2634 maqis
2237 2585 2355 2617 con-

1343 2663 1624 2702 sentaneam
1651 2654 1711 2700 ab
1743 2652 1829 2700 illa
1850 2668 2055 2699 censura
2082 2650 2249 2698 liberet
2259 2672 2278 2710 ;
2311 2659 2356 2699 et

1345 2735 1600 2784 declaratio
1625 2733 1713 2783 illa
1741 2733 1998 2797 Pontificis
2019 2731 2212 2781 inutilis
2235 2733 2321 2796 fiet
2338 2771 2352 2794 ,

1345 2820 1463 2882 quia
1494 2833 1594 2864 non
1627 2815 1692 2863 ad
1725 2823 1903 2863 certam
1935 2814 2206 2862 doctrinam
2241 2831 2356 2864 con-

1340 2898 1634 2963 firmandam
1651 2932 1667 2958 ‚
1692 2896 1773 2944 sed
1800 2896 1864 2944 ad
1887 2896 2168 2944 excitandas
2190 2896 2355 2944 verbo-

1346 2997 1456 3028 rum
1492 2980 1812 3028 contentiones
1852 2977 2095 3026 deserviet.
2138 2977 2230 3027 Sed
2267 2978 2356 3026 cfr.

1347 3063 1444 3125 ipse
1476 3061 1675 3121 Suarez,
1711 3070 1816 3109 tum
1839 3059 1955 3118 ‘hic‚
1995 3069 2095 3106 tum
2130 3059 2209 3107 De
2245 3076 2359 3124 qra-

1347 3145 1419 3191 tia
1439 3180 1453 3204 ,
1482 3144 1568 3192 lib.
1587 3161 1630 3204 1,
1654 3160 1758 3208 cap.
1779 3139 1811 3189 6
1826 3179 1839 3202 ‚
1861 3158 1962 3206 cap.
1985 3142 2045 3190 23
2061 3179 2074 3202 ‚
2091 3151 2134 3190 et
2152 3158 2253 3207 cap.
2276 3157 2355 3208 29.

1351 3225 1406 3272 In
1444 3243 1538 3291 quo
1577 3234 1807 3290 postremo
1842 3225 1987 3288 capite
2022 3226 2162 3272 etiam
2193 3223 2361 3273 refellit

1347 3306 1612 3356 Bellarmini
1649 3308 1923 3355 sententiam
1949 3342 1963 3364 ‚
2008 3307 2089 3370 qui
2123 3306 2355 3365 adstruit,

1348 3390 1587 3438 hominem
1606 3404 1704 3436 non
1722 3403 1852 3452 posse
1873 3389 1970 3434 sine
1989 3387 2208 3452 peculiari
2226 3389 2357 3435 auxi-

1349 3472 1412 3522 lio
1431 3473 1578 3522 Deum
1593 3471 1778 3537 diligere
1800 3508 1812 3532 ,
1831 3489 1981 3538 neque
1997 3474 2193 3537 perfecte
2206 3491 2358 3540 neque

1351 3556 1613 3621 impersecte
1633 3592 1647 3616 ,
1689 3570 1778 3603 nec
1819 3565 1869 3603 ut
1918 3566 2149 3606 auctorem
2191 3567 2362 3605 naturae

1353 3655 1440 3687 nec
1466 3646 1520 3685 ut
1544 3645 1775 3685 auctorem
1804 3638 1982 3702 gratiae.
