2430 4056
215 182 332 244 288
894 205 897 209 ’
975 199 1170 238 ruer.
1217 199 1288 238 nu
1330 201 1554 239 enam.

216 370 271 418 et
307 376 544 437 sperare
583 363 867 412 'aeternam
914 353 1366 410 retributionem
1406 364 1453 409 a
1479 354 1610 412 ‘Deo
1640 372 1757 431 per
1784 355 1928 428 ‘effus
1972 343 2294 410 misericorss-

217 454 381 510 diam
431 459 485 507 et
536 449 677 507 Jesu
737 445 964 505 Christi
1004 449 1288 502 meritum
1317 486 1341 514 ,
1395 448 1454 501 si
1498 446 1639 504 hene
1685 445 1908 524 ayendo
1984 455 2039 502 et
2086 446 2301 503 divina

216 546 503 604 mandata
527 540 900 602 custodiendo
915 560 1095 617 usque
1120 545 1188 596 in
1208 539 1389 616 finem
1409 544 1950 614 perseveraverint,
1981 539 2301 596 anathema

215 642 321 709 sit3
353 647 479 694 tum
504 655 632 692 can.
666 634 874 691 XXXII
919 654 932 690 :
965 633 1034 690 Si
1059 636 1195 710 quis
1230 631 1486 699 dia-erit,
1514 630 1770 693 hominis
1786 631 2115 710 justificati
2147 633 2303 689 hona

213 751 390 810 opera
419 734 508 786 ita
541 746 656 786 esse
690 728 842 784 dona
876 727 1022 796 Dei,
1069 735 1140 782 -ut
1179 745 1300 806 non
1335 729 1458 782 sint
1500 727 1871 785 etiam·hona
1908 730 2102 804 ipsius
2131 728 2306 801 justi-

209 827 378 904 ficati
394 826 610 881 merita
637 846 653 894 ς
679 831 792 879 aut
824 828 1024 899 ipsum
1046 821 1451 897 justificatum
1466 837 1495 888 ,'
1518 819 1687 876 honis
1719 822 2025 897 operibus,
2054 841 2188 898 quce
2224 821 2302 878 ab

213 941 273 977 ec
291 940 400 1000 per
438 919 554 976 Dei
579 920 848 996 qratiam
884 926 938 972 et
974 915 1037 973 J.
1077 914 1140 972 C.
1187 925 1468 972 meritum
1489 955 1508 984 ,
1546 917 1718 990 cujus
1737 918 1939 973 vivum
1960 917 2302 973 membrum

215 1023 323 1084 est,
344 1015 531 1091 fiunt,
564 1032 684 1069 ozon
706 1031 834 1068 vere
849 1012 1072 1066 mereri
1086 1018 1473 1087 auymentum
1489 1011 1707 1087 qratioe
1719 1050 1743 1078 ,
1773 1012 1961 1066 vitam
1989 1020 2300 1080 oeteruam,

214 1118 268 1165 et
299 1110 490 1185 ipsius
520 1110 650 1164 vitoe
683 1115 949 1173 oeternoe,
984 1107 1043 1160 si
1082 1113 1280 1159 tamen
1316 1107 1386 1159 in
1414 1106 1619 1181 qratia
1653 1102 1991 1173 decesserit,
2025 1120 2301 1162 consecu-

213 1205 468 1273 tionem
497 1210 670 1277 atque
696 1204 876 1255 etiam
897 1199 1103 1276 'qlorioe
1128 1207 1552 1275 auqmeritum3
1597 1196 1919 1253 anathema
1940 1198 2035 1254 sit.

294 1293 429 1352 637.
473 1293 778 1373 Scripturae
818 1291 968 1348 hanc
1002 1290 1135 1349 fidei
1179 1290 1487 1349 veritatem
1524 1289 1882 1370 apertissime
1925 1289 2242 1349 ostendunt
2278 1315 2297 1365 ς

213 1388 394 1448 vitam
428 1387 586 1446 enim
615 1398 891 1445 aeternam
927 1395 1137 1444 vocant
1176 1405 1451 1442 coronam
1479 1387 1729 1457 justitiae
1748 1428 1764 1457 a
1795 1385 2078 1442 bravium
2098 1429 2113 1458 ‚
2142 1406 2302 1443 mer—

213 1484 405 1540 cedem
427 1480 785 1539 reddendam
809 1479 1032 1537 homini
1050 1483 1207 1556 justo
1224 1500 1329 1559 pro
1347 1477 1558 1535 laboris
1585 1480 1807 1537 ratione
1832 1478 2008 1557 magis
2034 1480 2301 1539 minusve

214 1577 521 1656 copiosam.
561 1577 697 1653 Ergo
718 1574 859 1652 justi
887 1595 991 1654 per
1024 1571 1176 1630 bona
1199 1573 1456 1652 ipsorum
1482 1593 1654 1653 opera
1680 1594 1751 1631 ex
1778 1573 1958 1651 gratia
1993 1572 2141 1631 facta
2168 1593 2302 1634 vere

213 1682 511 1728 merentur
540 1689 729 1726 coram
763 1670 902 1726 Deo.
953 1668 1023 1725 Et
1065 1687 1204 1724 sane
1233 1665 1535 1746 Apostolus
1564 1711 1579 1738 ,
1610 1667 1661 1724 ΙΙ
1696 1666 1946 1725 Timoth.
1977 1667 2083 1740 lv,
2122 1666 2158 1725 7
2179 1711 2195 1739 ,
2231 1666 2304 1726 de

213 1785 273 1822 se
313 1763 507 1822 scribit
550 1785 563 1819 z
620 1755 860 1821 Bonum
910 1771 1207 1819 certamen
1246 1765 1506 1831 certavi,
1556 1781 1803 1818 cursum
1845 1765 2303 1832 consummavi,

202 1859 382 1936 fidem
405 1862 654 1916 servavi.
687 1857 767 1915 In
793 1860 1011 1933 reliquo
1043 1859 1296 1933 reposita
1311 1866 1393 1912 est
1404 1855 1560 1912 mihi
1581 1875 1793 1912 corona
1801 1859 2062 1931 justitiae
2070 1897 2093 1925 ,
2118 1876 2305 1932 quam

214 1954 409 2010 reddet
460 1952 615 2009 mihi
662 1952 958 2009 Dominus
1018 1955 1086 2006 iu
1132 1951 1240 2006 illa
1289 1950 1385 2006 die
1427 1953 1641 2025 justus
1680 1950 1881 2025 judea·
1916 1974 1942 2020 ,-
1993 1959 2053 2006 et
2100 1949 2125 2006 I
2173 1948 2300 2006 Cor.

214 2047 325 2119 IX,
351 2044 429 2102 24
456 2067 469 2102 z
500 2044 792 2114 Nescitis,
817 2043 1038 2122 inquit,
1068 2043 1228 2120 quod
1249 2047 1326 2116 ii,
1351 2046 1547 2119 quiin
1569 2044 1759 2100 stadio
1789 2054 2085 2114 currunt,
2106 2063 2304 2101 omues

212 2142 442 2218 quidem
486 2147 779 2209 currunt,
814 2138 914 2195 secl
955 2158 1117 2195 unus
1158 2140 1381 2214 accipit
1417 2136 1749 2194 bravium?
1788 2138 1889 2194 Sic
1935 2141 2186 2201 currite,
2236 2146 2305 2193 ut

212 2234 743 2311 comprehendatis3
773 2242 830 2289 et
856 2232 1069 2288 iterum
1095 2231 1157 2287 in
1181 2230 1383 2288 eadem
1413 2230 1590 2309 Epist.
1610 2233 1689 2287 ΙΙΙ
1711 2273 1733 2300 ,
1765 2229 1801 2287 8
1826 2251 1839 2286 :
1882 2230 2302 2308 Unusquisque

200 2331 523 2405 propriam
549 2326 856 2382 mercedem
885 2328 1138 2401 accipiet
1166 2324 1493 2381 secundum
1524 2345 1707 2381 suum
1736 2325 1998 2382 lahorem
2020 2349 2046 2396 ‚-
2082 2336 2140 2382 et
2169 2344 2296 2405 cap.

210 2422 345 2494 XV,
394 2432 459 2477 ut
501 2418 770 2476 ostendat
815 2417 1103 2477 diversam
1159 2417 1280 2475 fore
1341 2415 1785 2476 retributionem
1828 2439 1934 2498 pro
1971 2417 2301 2493 diversitate

210 2516 577 2586 meritorum,
614 2514 726 2587 ait,
769 2533 825 2571 v.
857 2511 930 2570 41
964 2533 977 2568 ε
1012 2514 1157 2581 Alia
1190 2514 1436 2570 claritas
1466 2515 1602 2572 solis
1623 2556 1644 2584 ‚
1670 2515 1797 2571 alia
1828 2515 2074 2571 claritas
2101 2514 2310 2591 lume,

210 2611 336 2668 alia
375 2611 621 2667 claritas
655 2609 962 2664 stellarum
988 2632 1004 2679 ς
1035 2608 1200 2665 stella
1231 2611 1387 2663 enim
1417 2609 1649 2665 astella
1673 2608 1870 2685 differt
1902 2611 1969 2664 in
1993 2608 2299 2680 claritate,

209 2709 292 2762 sic
316 2714 371 2761 et
393 2706 742 2762 resurrectio
767 2714 1161 2759 mortuorunm
1196 2702 1619 2781 Consequentia
1657 2713 1744 2760 est
1777 2700 2049 2775 evidens;
2073 2720 2312 2760 merces.

210 2798 366 2856 enim
386 2842 401 2871 ,
440 2817 646 2855 corona
675 2841 691 2869 ,
725 2785 994 2855 bravium
1025 2816 1144 2852 non
1176 2790 1349 2854 datur
1382 2795 1493 2852 nisi
1521 2795 1671 2857 veris
1707 2796 1945 2854 meritis,

289 2890 423 2949 638.
459 2891 595 2949 Non
639 2889 829 2947 minus
875 2887 1198 2947 luculenter
1249 2889 1368 2947 haeo
1405 2888 1608 2948 eadem
1647 2890 1857 2950 veritas
1908 2911 1979 2948 ex
2029 2887 2292 2948 Patribus

211 2985 547 3044 ostenditur.
572 2986 627 3043 S.
643 2985 920 3043 Irenaeus:
945 2984 1280 3046 Pretiosam
1297 3029 1312 3058 7
1340 2984 1534 3065 inquit
1549 3029 1566 3059 ,
1589 2987 1963 3044 arbitremur
1981 3005 2258 3044 coronam
2273 2987 2296 3052 ,'

211 3083 473 3141 videlicet
491 3104 621 3160 quae
625 3102 743 3160 per
761 3089 1006 3160 ayonem
1029 3081 1199 3139 nobis
1211 3084 1560 3159 acquiritur
1578 3080 1687 3160 (l).
1709 3082 1768 3139 S.
1790 3080 2026 3140 Basilius
2057 3102 2070 3138 ε
2099 3080 2294 3140 Homo

210 3195 285 3234 ear
301 3177 574 3253 operibus
583 3178 848 3254 justitioe
875 3176 1146 3233 salvatur
1172 3174 1362 3255 (2).,S.
1388 3177 1422 3234 J
1428 3196 1556 3233 oan.
1586 3174 2026 3256 Chrysostomus
2057 3196 2071 3232 :
2100 3175 2310 3235 Ambo

278 3375 345 3440 (l)
385 3376 768 3426 ContraHaeres.
793 3377 875 3426 lib.
906 3395 972 3439 lv,
991 3394 1094 3443 cap
1114 3379 1200 3443 37,
1285 3388 1510 3428 evertere.

210 3474 257 3506 n.
289 3471 341 3521 7,·
359 3457 468 3506 edit.
485 3457 717 3507 Massueti.
741 3459 975 3523 Integrum
986 3469 1122 3524 caput
1139 3470 1205 3508 est
1352 3460 1416 3523 (2)
1452 3459 1554 3507 Lib.
1581 3457 1663 3508 De
1688 3456 1829 3526 Spir.
1855 3462 2046 3510 Sancto.
2074 3476 2173 3524 cap.
2201 3455 2284 3521 24,

210 3538 267 3587 de
308 3539 396 3587 hoc
434 3549 699 3604 argumento
729 3577 742 3600 ,
791 3543 852 3587 ita
901 3547 956 3588 ut
999 3541 1204 3589 videatur
1283 3538 1454 3590 110552
1480 3541 1531 3588 Ο
1555 3538 1854 3604 σωζοᾙμενος
1837 3564 1882 3591 εκ
1897 3546 1982 3590 τᾶν
1998 3546 2080 3597 riis·
2107 3537 2281 3588 δικαιο-

208 3616 260 3668 8.
283 3620 485 3670 Irenaeus
502 3620 695 3670 voluisse
714 3620 996 3671 Novatorum
1011 3633 1203 3687 systema
1285 3629 1414 3676 πείνης
1424 3617 1553 3689 ’ἔργων
1568 3618 2061 3690 ic'ropaewos....Tom.u1,
2071 3628 2178 3688 pag.
2198 3619 2284 3688 47.
