2540 4074
481 232 642 269 PAn'r.
690 233 733 268 1.
781 230 902 271 CAP.
945 232 1012 269 11.
1059 232 1128 267 DE
1171 231 1393 268 GRA'HAE
1434 230 1815 268 NECESSITATE.
2149 207 2226 266 79

124 372 458 436 infidelibus
484 383 638 436 recte
666 371 879 432 Christi
905 371 1084 437 verba
1114 371 1537 438 accommodari
1566 382 1812 454 possunt
1833 397 1852 431 :
1877 371 2021 434 Non
2037 382 2232 451 potest

125 471 309 535 arbor
329 470 497 535 mala.
518 468 694 532 Itanos
716 470 959 546 fructu-5
979 471 1196 547 facere.
1229 467 1344 549 Ipsi
1366 467 1524 527 enim
1547 467 1669 527 haec
1685 465 1857 527 arbor
1885 465 2039 526 mala
2057 475 2194 525 sunt
2211 511 2226 540 7

126 565 195 624 40
224 584 472 648 quorum
503 582 677 645 opera
715 582 748 622 a
772 564 894 622 Deo
917 583 1039 623 esse
1068 584 1190 621 non
1218 574 1463 644 possunt
1490 587 1504 635 ς
1547 561 1802 642 alioquin
1849 560 2074 620 inutilia
2110 582 2232 619 non

129 662 324 730 forent
343 703 359 732 ,
389 679 521 716 cum
545 656 703 739 quod
725 656 952 716 bonum
981 669 1068 718 est
1094 657 1300 717 inutile
1336 679 1459 717 esse
1496 668 1767 738 nequeat.
1793 658 1938 736 Ergo
2077 738 2080 742 ι

215 751 354 812 155.
411 754 585 834 Resp.
635 751 710 810 ad
757 752 859 826 1¹³7
915 754 1073 812 Dist.
1130 753 1427 810 Tenentur
1480 752 1652 811 etiam
1715 750 1976 810 infideles
2031 772 2234 812 omnes

127 847 381 908 actiones
410 867 539 904 suas
567 845 780 905 referre
799 847 860 904 in
886 849 1073 905 Deum
1093 857 1375 926 tanquam
1403 847 1465 903 in
1493 856 1783 902 auctorem
1813 846 2004 923 gratiae
2029 890 2045 918 7
2071 867 2232 925 neq„-

91 1005 96 1013 ,
126 953 410 1023 tanquam
430 941 493 998 in
517 952 811 999 auctorem
836 952 1060 999 naturae
1077 985 1093 1015 7
1120 941 1291 998 subd.
1321 940 1442 998 sive
1469 937 1741 1020 explicite
1766 939 1885 997 sive
1908 939 2186 1020 implicite
2216 985 2232 1014 7

124 1058 312 1103 conc.;
345 1035 612 1120 explicite
647 1056 711 1094 ac
738 1056 968 1116 semper
982 1079 1005 1106 ,
1034 1056 1164 1115 neq.
1193 1034 1421 1093 Etenim
1459 1032 1779 1091 absurdum
1816 1033 1879 1089 in
1908 1034 2112 1123 primis
2148 1043 2238 1091 est

126 1130 482 1192 contendere
510 1176 525 1204 7
570 1151 771 1198 omnes
817 1128 1079 1188 infideles
1131 1129 1317 1188 teneri
1358 1135 1650 1213 praecepto
1699 1127 1989 1187 referendi
2036 1149 2239 1187 omnes

129 1228 383 1286 actiones
404 1247 533 1284 suas
548 1225 610 1289 in
627 1228 813 1286 Deum
828 1235 1111 1305 tanquam
1134 1224 1196 1282 in
1211 1225 1391 1283 finem
1403 1223 1674 1283 ultimum
1693 1223 2199 1304 supernaturalem
2217 1248 2234 1295 ς

128 1342 261 1380 cum
290 1320 415 1404 1100,
437 1330 795 1403 praeceptum
838 1319 1128 1397 ignorent.
1163 1320 1221 1377 Si
1253 1320 1455 1400 itaque
1492 1330 1786 1400 praecepto
1810 1318 2003 1399 aliquo
2027 1329 2239 1377 tenen-

130 1427 228 1474 tur
244 1414 702 1494 dirigendiactus
724 1435 857 1472 suos
872 1416 933 1471 in
959 1415 1145 1472 Deum
1167 1460 1182 1488 7
1206 1414 1341 1472 satis
1357 1425 1468 1488 est7
1493 1425 1558 1472 ut
1580 1435 1674 1472 eos
1690 1414 1946 1472 referant
1961 1415 2022 1470 in
2050 1416 2238 1472 Deum

105 1547 109 1550 -
130 1521 412 1591 tanquam
441 1520 736 1567 auctorem
765 1519 990 1567 naturae
1011 1553 1026 1582 7
1051 1509 1265 1567 ut'huic
1280 1519 1566 1590 praecepto
1586 1508 1954 1566 satisfaciant.
1976 1507 2199 1567 Deinde
2220 1554 2237 1583 7

120 1615 201 1661 ‘ut
221 1603 483 1662 infideles
506 1603 615 1662 hoc
642 1614 998 1684 praeceptum
1027 1603 1388 1685 adimpleant
1409 1649 1425 1678 7
1455 1625 1684 1663 necesse
1712 1625 1832 1661 non
1871 1613 1956 1661 est
1974 1600 2096 1674 ,ut
2127 1603 2242 1660 sin-

91 1687 99 1695 ·
135 1697 295 1778 gulas
328 1699 581 1756 actiones
613 1719 741 1755 suas
769 1697 1064 1778 explicite,
1094 1709 1160 1755 ut
1182 1699 1346 1756 aiunt
1373 1744 1388 1773 7
1412 1698 1473 1755 in
1501 1701 1687 1759 Deum
1712 1698 2002 1771 referant3
2038 1719 2244 1757 verum

131 1793 342 1856 sufficit
365 1837 381 1865 7
411 1793 458 1850 si
480 1791 757 1873 implicite
787 1813 888 1855 seu
924 1792 1249 1857 virtualiter
1283 1792 1344 1854 id
1371 1805 1652 1875 praestent
1678 1816 1785 1874 per
1808 1816 1952 1876 opus
1974 1793 2238 1869 bonurn-7

134 1886 292 1967 quod
329 1887 431 1943 fiat
468 1896 709 1967 propter
745 1886 970 1948 bonu-m
1005 1888 1258 1968 aliquem
1293 1890 1473 1948 finem
1497 1891 1851 1969 ‘proximum
1887 1916 1904 1963 ς
1958 1912 2097 1948 113111
2133 1890 2245 1948 1100

131 1980 258 2061 ipso
299 1980 582 2058 ejusmodi
602 2003 747 2062 opus
778 1977 929 2040 cedit
956 1982 1018 2039 in
1055 1982 1295 2060 gloriam
1327 1984 1430 2041 Dei
1460 1995 1743 2065 tanquam
1779 1986 2024 2043 auctoris
2055 1986 2244 2044 omnis

5 2121 7 2126 s
78 2140 104 2155 *f
129 2073 364 2134 moralis
392 2074 711 2134 honestatis
737 2075 843 2157 (l).
875 2078 946 2135 Et
973 2077 1096 2136 haec
1124 2077 1359 2158 quidem
1387 2079 1449 2136 in
1479 2079 1821 2161 hypothesi-7
1851 2080 2009 2162 quod
2038 2082 2247 2140 existat

131 2170 413 2249 ejusmodi
440 2182 795 2252 praeceptum
828 2173 1146 2253 positivum
1168 2195 1401 2254 semper
1434 2174 1723 2234 referendi
1755 2197 1957 2235 omnes
1990 2178 2246 2235 actiones

134 2266 196 2324 in
224 2268 445 2339 Deum3
479 2266 673 2348 plures
713 2267 870 2324 enim
892 2312 908 2341 7
940 2290 1047 2327 nec
1093 2269 1386 2328 immerito
1409 2315 1425 2345 7
1457 2270 1822 2329 contendunt
1846 2316 1861 2345 7
1897 2271 2006 2329 hoc
2041 2293 2247 2353 praece-

140 2371 310 2442 ptum
349 2382 470 2420 esse
505 2362 699 2444 potius
733 2362 1067 2441 negativum
1097 2408 1113 2435 7
1142 2364 1221 2421 ita
1251 2375 1316 2425 ut
1351 2378 1458 2445 per
1480 2369 1604 2442 ejus.
1637 2366 1758 2425 vim
1796 2365 1959 2425 nulla
1988 2366 2248 2425 eliciatur

134 2457 281 2518 actio
307 2501 331 2529 7,
363 2477 488 2538 quae
526 2457 587 2516 in
639 2459 828 2516 Deum
879 2457 1079 2517 referri
1124 2480 1244 2516 non
1284 2460 1509 2540 possit3
1556 2483 1670 2541 quo
1713 2482 1887 2520 sensu
1946 2474 2249 2543 exponunt

135 2549 334 2620 textus,
353 2543 651 2633 Apostoli·¹7
683 2551 782 2632 qui
806 2550 975 2612 nobis
1002 2565 1385 2634 opponuntur
1410 2555 1535 2634 (2)·;
1564 2557 1681 2614 imo
1713 2577 1820 2615 nec
1862 2556 2074 2616 desunt
2099 2604 2114 2632 7
2148 2558 2249 2639 qui

138 2645 203 2703 in
235 2646 421 2705 citatis
448 2645 646 2707 verbis
676 2647 910 2705 nonnisi
941 2648 1248 2706 consilium
1271 2649 1553 2708 insinuari
1592 2650 1953 2711 contendant
1985 2652 2098 2731 (3).

207 2841 278 2906 (l)
313 2840 411 2890 cfr.
441 2825 660 2912 Bellum.
691 2843 781 2893 loc.
811 2845 890 2892 cit.
920 2860 1022 2908 cap.
1055 2859 1071 2890 1
1089 2859 1106 2891 1
1128 2881 1141 2903 ‚
1227 2862 1365 2910 quam
1390 2847 1439 2893 in
1453 2846 1595 2894 finem
1612 2846 1828 2894 ultimum
1847 2883 1861 2905 ‚
1891 2847 2142 2912 etquidem
2163 2864 2249 2895 ex-

137 2941 189 2972 n.
242 2920 325 2986 24.
374 2922 481 2972 Jam
530 2942 664 2990 supra
714 2925 959 2973 retulimus
1005 2925 1145 2973 verba
1228 2927 1378 2991 plicite
1403 2962 1417 2988 7
1443 2929 1505 2975 ita
1548 2938 1632 2985 ut,
1662 2931 1698 2975 si
1728 2930 1966 2975 omittatur
2011 2929 2245 2994 ejusmodi

137 3004 190 3053 S.
222 3003 445 3065 Theman,
479 3024 580 3072 quae
611 3008 826 3056 eumdem
855 3024 1039 3055 sensum
1071 3025 1144 3056 re·
1227 3009 1416 3056 actualis
1440 3011 1632 3056 intentio
1659 3012 1707 3056 in
1738 3009 1889 3056 Deum
1935 3027 2015 3074 per
2050 3028 2097 3059 se
2117 2994 2249 3059 ⁴dile-

138 3086 313 3135 ferunt.
1229 3099 1354 3138 ctum
1371 3125 1386 3151 ‚
1405 3093 1520 3138 actio
1538 3089 1696 3138 evadat
1719 3101 1956 3154 peccatum
1970 3092 2161 3154 lethale,
2198 3110 2250 3141 30

211 3167 283 3230 (2)
311 3166 409 3218 Csr.
427 3168 648 3217 Bernard.
667 3187 694 3218 3
718 3169 817 3218 Pic.
837 3171 888 3217 in
913 3169 1040 3218 hunc
1055 3170 1148 3219 loc.
1230 3188 1373 3235 poenae
1391 3172 1583 3236 proinde
1611 3179 1789 3218 aeternae
1815 3173 1971 3237 digna.
1995 3172 2102 3220 Jam
2129 3191 2240 3222 vero

142 3248 288 3314 Epist.
319 3249 382 3298 ad·
404 3249 581 3299 Coloss.
1231 3253 1384 3316 plures
1419 3253 1617 3318 theologi
1649 3254 1863 3302 catholici
1912 3257 2153 3315 sentiunt,
2196 3258 2249 3304 in

211 3329 275 3396 (3)
309 3328 781 3381 Animadvertendum
812 3351 920 3382 vero
947 3333 1025 3382 hic
1058 3343 1149 3390 est,
1233 3335 1436 3399 Apostoli
1478 3334 1629 3383 verbis
1671 3353 1767 3383 non
1807 3336 1964 3384 haberi
2002 3338 2090 3385 nisi
2131 3354 2250 3402 prae-

140 3412 421 3461 Jansenistas
463 3431 571 3462 cum
613 3414 920 3463 Novatoribus
959 3426 1150 3464 conten-
1233 3425 1416 3483 ceptum
1442 3417 1719 3480 neyativum
1734 3451 1752 3481 ,r
1785 3420 1857 3467 ita.
1877 3427 1930 3465 ut
1962 3418 2082 3465 nihil
2112 3421 2244 3484 quis-

138 3495 276 3557 dere,
305 3496 356 3542 in
386 3496 533 3544 citatis
567 3495 774 3561 Apostoli
812 3498 964 3546 verbis
998 3500 1149 3546 conti·
1231 3500 1356 3562 piam
1401 3499 1576 3563 operari
1625 3499 1789 3549 debeat
1815 3537 1828 3559 7
1870 3499 1998 3568 quod
2041 3517 2140 3548 non
2186 3503 2248 3548 sit

143 3579 243 3625 neri
270 3588 568 3643 praeceptum
621 3575 868 3643 positivum
924 3579 1151 3628 referendi
1230 3580 1478 3628 honestum
1513 3583 1565 3628 in
1599 3598 1648 3630 se
1687 3591 1732 3629 et
1768 3598 1822 3630 ex
1863 3582 1958 3631 fine
1997 3584 2209 3650 proximo
2231 3617 2246 3640 ‚

142 3658 379 3709 actualiter
403 3678 563 3709 omnes
589 3663 790 3710 actiones
807 3663 858 3710 in
871 3659 1022 3711 Deum
1044 3671 1149 3711 tan·
1234 3678 1288 3710 ac
1319 3661 1513 3726 proinde
1543 3671 1708 3711 natura
1737 3678 1819 3715 sua
1849 3663 1958 3712 ferri
1987 3679 2083 3711 non
2109 3664 2250 3731 possit
