2430 4056
520 220 672 259 mam.
714 220 752 258 1.
796 217 915 257 cu.
957 216 1020 257 v.
1065 218 1131 255 nn
1172 217 1389 256 onai-m
1429 217 1857 261 ms‘rmnu‘nonu.
2063 195 2180 255 207

106 376 324 447 l'utemg
352 395 506 453 ergQ
531 382 814 454 quantum
834 391 905 430 ex
940 391 1001 430 se
1038 382 1152 446 est,
1180 370 1425 431 debuit'
1409 372 1544 452 lpsis
1575 370 1774 429 salutis
1807 368 1995 430 media
2030 370 2183 429 suffi-

106 470 323 529 cienter
361 465 705 549 providere,
750 463 958 546 quibus
1000 465 1074 524 ad
1115 483 1243 526 eam
1284 464 1589 546 pervenire
1630 467 1874 546 possint.

166 563 326 621 460.
362 560 628 621 Secundo
654 557 912 617 Christus
939 581 1044 640 pro
1065 559 1153 618 his
1182 579 1412 641 quoque
1445 558 1762 617 infantibus
1792 567 2051 617 mortuus
2073 568 2182 634 est,

105 669 165 716 et
189 655 522 736 sanguinem
563 673 730 711 suum
769 652 918 711 fudit
961 675 1030 712 ex
1071 674 1208 713 vero
1247 674 1310 713 ac
1360 654 1583 712 sincero
1618 652 1899 712 desiderio
1943 673 2037 712 eos
2072 652 2187 711 sal-

108 749 322 823 vandi3'
345 768 478 827 ergo
513 747 578 805 iis
614 747 789 805 etiam
817 747 1005 806 media
1036 768 1171 807 vere
1220 748 1555 806 sufficientia
1582 793 1597 821 .,
1651 746 1856 828 quibus
1912 758 2187 807 aeternam

102 845 282 908 vitam
308 841 579 922 consequi
614 844 867 921 possint,
905 842 1140 900 meritus
1176 852 1261 899 est
1297 862 1361 899 ac
1394 841 1760 924 praeparavit.

28 938 30 940 ’
187 936 322 996 461.
368 937 503 994 Haec
544 947 739 995 autem
794 935 1089 994 nonnullis
1134 934 1412 1014 exemplis
1463 936 1791 994 confirmari
1815 955 1879 993 ae
1917 934 2191 994 declarari

105 1040 367 1113 possunt.
405 1029 618 1089 Eadem
656 1033 877 1089 ratione
913 1051 976 1089 ac
1008 1041 1382 1089 censerentur
1419 1050 1555 1089 vere
1590 1051 1654 1088 ac
1684 1029 2033 1088 sufficienter
2065 1051 2191 1088 me-

106 1125 265 1184 dicus
294 1123 390 1185 vel
418 1123 684 1182 dominus
719 1123 1034 1204 providisse
1057 1123 1228 1182 saluti
1267 1124 1483 1181 infirmi
1522 1133 1620 1181 aut
1651 1122 1904 1182 libertati
1936 1123 2145 1204 captivi
2173 1168 2188 1197 ,

109 1219 206 1301 qui
230 1218 551 1278 remedium
580 1219 672 1278 vel
693 1239 979 1276 summam
1003 1218 1392 1300 pecuniariam
1425 1218 1498 1276 ad
1530 1239 1624 1276 eos
1652 1240 1755 1299 per
1780 1217 2060 1276 famulum
2090 1218 2193 1275 mi-

108 1313 314 1388 serint,
352 1313 460 1372 etsi
484 1312 573 1371 hic
607 1312 849 1372 famulus
889 1312 982 1372 vel
1013 1311 1199 1370 subita
1228 1323 1414 1371 morte
1438 1323 1730 1393 correptus
1759 1312 1853 1373 vel
1888 1312 1997 1370 alio
2019 1312 2193 1371 modo

108 1407 380 1467 detentus
416 1409 589 1467 fuerit
614 1454 629 1483 ,
667 1408 760 1468 vel
804 1430 873 1468 ex
906 1408 1139 1489 propria
1185 1408 1483 1467 oscitantia
1535 1408 1644 1467 alio
1686 1408 1978 1468 divertens
2016 1407 2194 1489 phar-

108 1523 339 1561 macum
360 1514 457 1561 aut
476 1504 776 1584 pecuniam
806 1524 926 1561 non
951 1502 1209 1561 attulerit
1228 1528 1242 1575 ς
1276 1504 1354 1561 sic
1375 1505 1524 1561 Deus
1542 1503 1860 1562 censendus
1883 1514 1991 1573 est,
2009 1524 2194 1583 quan-

112 1607 237 1656 tum
271 1608 356 1656 est
384 1618 456 1656 ex
482 1619 576 1672 se,
614 1597 964 1656 sufficienter
1001 1599 1244 1656 istorum
1276 1597 1585 1655 infantium
1622 1597 1794 1656 saluti
1835 1597 2194 1678 prospexisse

111 1712 216 1772 per
246 1689 517 1772 baptismi
546 1703 969 1750 sacramentum
988 1737 1003 1765 7
1032 1691 1164 1751 licet
1200 1691 1589 1751 administrari
1615 1692 1760 1751 illud
1787 1693 1923 1773 ipsis
1956 1692 2196 1749 minime

111 1786 363 1864 potuerit
410 1806 481 1844 ex
528 1784 721 1866 aliquo
761 1785 1210 1867 impedimentO,
1252 1786 1345 1845 vel
1395 1808 1424 1844 a
1466 1787 1713 1845 naturali
1764 1798 1986 1845 naturae
2025 1806 2190 1844 cursu

112 1889 311 1937 exorto
331 1922 348 1951 ‚
383 1878 565 1938 velex
601 1879 948 1958 negligentia
980 1891 1079 1939 aut
1109 1880 1276 1961 culpa
1304 1881 1627 1939 hominum.

909 2069 1384 2113 DIFFICULTATES.

190 2234 327 2293 462.
375 2233 504 2311 obj.
552 2236 612 2292 10
640 2238 790 2293 Deus
813 2236 1162 2295 sufficienter
1183 2237 1250 2295 iis
1278 2237 1600 2296 remedium
1637 2238 1882 2298 salutare
1914 2260 2033 2296 non
2062 2260 2195 2318 pro-

110 2329 293 2402 vidit,
335 2329 382 2386 si
422 2333 548 2407 ipso
590 2332 813 2387 nolente
859 2329 1019 2387 nullo
1058 2342 1226 2411 pacto
1262 2331 1589 2390 remedium
1623 2332 1777 2390 istud
1801 2331 2071 2412 applicari
2096 2354 2195 2412 po-

110 2434 261 2496 test3
300 2422 360 2480 id
402 2444 574 2503 porro
614 2444 765 2504 saepe
803 2433 1047 2484 testatur
1084 2426 1140 2482 S.
1206 2425 1549 2502 Augustinus
1570 2472 1586 2500 ,
1642 2427 1740 2506 qui
1783 2426 2098 2506 praesertim
2136 2426 2195 2487 in

111 2515 214 2575 lib.
242 2518 331 2577 De
354 2517 502 2577 dono
509 2539 733 2596 persev.
761 2539 885 2598 cap.
924 2518 1027 2577 XII
1047 2562 1062 2592 ,
1099 2529 1158 2576 et
1179 2517 1376 2597 Epist.
1421 2519 1524 2578 CX
1530 2519 1616 2578 CI
1626 2521 1703 2593 V,
1752 2530 1949 2600 aperte
1987 2518 2153 2577 docet
2179 2564 2194 2592 .‚

112 2609 453 2692 plerumque
493 2611 738 2692 parvulo
777 2634 899 2671 non
942 2611 1188 2671 conferri
1223 2611 1511 2693 baptisma
1557 2615 1676 2671 Deo
1704 2616 1942 2671 nolente.
1994 2614 2062 2671 20
2091 2614 2198 2670 Lo-

117 2725 298 2785 quens
339 2717 615 2787 praeterea
658 2706 765 2766 loc.
818 2708 910 2766 cit.
956 2709 1043 2767 De
1085 2709 1234 2766 dono
1266 2729 1491 2786 persev.
1535 2707 1606 2766 de
1649 2707 2000 2783 infantibus7
2047 2730 2199 2788 quo-

115 2820 247 2857 rum
268 2798 445 2880 aliqui
469 2798 854 2880 baptizantur,
883 2801 978 2860 alii
1012 2823 1148 2861 vero
1177 2801 1458 2882 baptizari
1488 2824 1608 2860 non
1643 2813 1883 2883 possunt
1915 2825 1928 2860 τ
1963 2803 2160 2880 Quare
2181 2844 2197 2875 ‚

115 2898 440 2973 interroqat
459 2937 475 2968 ,
517 2896 646 2953 illos
678 2901 882 2974 potius
916 2918 1102 2974 quam
1129 2898 1256 2954 illos
1285 2895 1538 2954 liberat?
1566 2896 1893 2977 Respondet
1944 2907 2138 2953 autem
2181 2916 2196 2953 z

27 3062 30 3063 ⁷
123 2989 174 3046 O
208 2989 374 3046 Immo
392 3032 407 3060 .,
431 2994 565 3067 quis
594 3010 652 3050 es
672 2995 785 3067 qui
810 2993 1157 3069 respondeas
1197 2993 1314 3050 Deo
1339 2990 1367 3048 ‚⁶2
1402 2992 1837 3050 Inscrutahilia
1866 2999 2007 3048 sunt
2025 2990 2201 3067 judi-

118 3087 216 3140 cia
243 3084 377 3141 Dei.
411 3085 528 3140 Pro·
552 3094 706 3141 certo
731 3084 905 3162 igitur
942 3085 1151 3158 sumit,
1194 3107 1264 3144 ex
1295 3073 1413 3144 sola
1448 3085 1550 3143 Dei
1592 3082 1893 3143 voluntate
1935 3084 2095 3156 fieri,
2138 3093 2204 3140 ut

121 3175 263 3234 alius
299 3175 663 3262 baptizetur,
695 3177 838 3236 alius
882 3199 1019 3238 vero
1059 3177 1338 3260 baptizari
1373 3178 1699 3259 nequiverit
1725 3177 1750 3250 3v
1780 3177 2110 3257 non'igitur
2134 3197 2205 3235 ex

121 3282 341 3330 naturae
371 3271 540 3331 cursu
571 3283 671 3351 aut
703 3271 812 3332 alia
848 3293 1013 3332 causa
1053 3272 1116 3331 id
1168 3274 1352 3354 repeti
1397 3272 1587 3331 debet.
1628 3271 1696 3330 3⁰
1737 3273 1884 3339 Sane
1921 3273 2021 3353 qui
2073 3291 2206 3331 eum

120 3376 341 3425 naturae
379 3365 642 3431 ordinem
666 3358 914 3429 instituit
940 3411 964 3440 ,
1005 3367 1067 3426 in
1114 3389 1228 3449 quo
1255 3365 1531 3450 praev'idit
1565 3365 1827 3434 futurum
1857 3410 1874 3441 .,
1918 3376 1985 3424 ut
2016 3363 2206 3426 infans

123 3461 283 3541 prius
305 3460 583 3520 moriatur
609 3506 626 3537 ,
657 3483 835 3544 quam
863 3462 914 3522 ei
944 3461 1231 3543 baptisma
1260 3461 1649 3526 administrari
1679 3461 1859 3542 possit
1877 3504 1894 3532 ,
1921 3480 2044 3525 non
2073 3478 2206 3516 cen-

126 3566 285 3615 setur
337 3555 498 3614 istius
543 3556 712 3615 saluti
754 3557 1106 3619 sufficienter
1150 3557 1502 3638 prospexisse
1545 3578 1560 3614 :
1612 3557 1912 3615 Insanum
1966 3555 2208 3612 omnino

124 3659 178 3706 et
216 3660 424 3709 contra
477 3654 768 3713 rationem
821 3662 904 3713 est
930 3695 948 3726 .‚
990 3652 1182 3711 dicere
1203 3695 1226 3723 ,
1272 3653 1624 3712 voluntatem
1681 3650 1812 3711 Dei
1849 3669 1919 3708 eoe
1959 3649 2082 3707 Dei
2116 3663 2207 3703 vo-
