2430 4056
392 234 556 271 mur.
602 235 641 271 1.
686 233 810 272 cn».
857 232 941 274 Ν.
990 235 1058 272 nn
1100 233 1328 275 NATURA
1371 239 1436 275 m·
1478 237 1647 276 mv1S.
1694 236 1868 276 carr.
1917 237 2036 275 mc,
2150 217 2265 276 153

160 361 310 439 filiis
332 361 544 441 effusas
566 360 835 419 nondum
859 381 930 419 ea
950 364 1676 440 quorumdam-mentibus
1710 368 1857 424 satis
1887 385 2002 424 esse
2022 365 2267 425 ‚discus-

167 478 266 516 sas
284 501 300 532 ,
329 457 433 516 sed
442 457 750 535 plerosque
773 457 954 523 etiam
977 460 1705 538 intolerabilipertinacia
1727 460 2102 531 contendere,
2127 481 2266 519 cen-

165 573 316 610 sura
344 550 607 609 laudatae
641 549 1091 611 Constitutionis
1119 554 1458 612 doctrinam
1486 555 1546 612 S.
1577 554 1917 634 Auqustini
1939 565 1994 612 et
2027 554 2265 614 Thomoe

167 646 238 704 de
266 646 490 703 divinoe
506 633 725 723 qratia?
752 645 1008 722 efficacia
1028 669 1141 706 esse
1151 651 1550 726 perstrictam.
1585 648 1661 707 Ut
1681 651 1877 728 iqitur
1902 650 2107 708 nullas
2120 650 2265 708 clia-

166 743 368 798 ritatis
393 748 602 816 partes
635 738 721 796 ad
740 742 1092 800 revocandos
1117 754 1382 801 errantes
1408 744 1580 801 nobis
1616 748 1880 820 reliquas
1913 746 2220 820 faciamus
2245 787 2262 817 ‚

168 837 468 892 universis
498 844 551 892 et
577 837 836 913 sirzqulis
883 838 1107 896 Christi
1139 839 1500 916 fidelibus...
1531 843 1613 905 in
1638 843 1857 896 virtute
1894 850 2111 899 sanctoe
2143 842 2266 899 obe-

160 927 401 986 dientioe
451 929 716 987 districte
748 935 1146 1010 praecipimus
1188 942 1243 988 et
1279 933 1391 990 sub
1434 937 1742 990 canonicis
1767 938 1964 1010 poenis
2002 935 2269 993 manda-⁴

159 1042 338 1093 mus,
393 1044 467 1080 ne
525 1023 896 1102 disputantes
939 1035 1051 1083 aut
1104 1025 1364 1083 docentes
1395 1069 1409 1098 ‚
1466 1030 1586 1083 sive
1619 1030 1688 1083 in
1734 1026 1943 1083 scholis
1965 1067 1987 1095 ,
2023 1031 2142 1084 sive
2193 1033 2262 1086 in

159 1118 546 1174 concionibus
569 1162 585 1184 ‚
624 1123 743 1176 sive
778 1122 1021 1197 scriptis
1054 1119 1262 1189 editis,
1311 1124 1429 1177 sive
1454 1122 1664 1193 aliter,
1702 1123 2134 1199 propositiones
2163 1123 2265 1179 de-

150 1211 412 1288 fendant
447 1222 559 1270 aut
590 1216 944 1284 enuncient,
978 1235 1111 1291 quoe
1143 1214 1471 1271 antedictas
1504 1214 1879 1273 Novatorum
1922 1217 2266 1273 calumnias

153 1305 403 1382 firmare
432 1349 453 1377 ,
513 1316 626 1364 aut
669 1328 1007 1384 promovere
1048 1313 1299 1386 possint.
1364 1310 1622 1367 Mentem
1672 1320 1871 1367 tamen
1920 1311 2263 1368 eorumdem

143 1401 647 1478 praedecessorum
663 1413 1036 1480 perspectam
1077 1404 1381 1476 babentes,
1424 1406 1706 1461 nolumus
1744 1415 1856 1461 aut
1882 1426 1996 1483 per
2029 1415 2262 1463 nostras

156 1505 268 1551 aut
276 1517 393 1573 per
417 1499 689 1574 ipsorum
710 1497 916 1554 laudes
949 1497 1322 1555 Themisticce
1348 1498 1553 1555 scholae
1584 1500 1809 1556 delatas
1829 1541 1849 1567 ,
1878 1521 2029 1576 quas
2052 1504 2261 1557 iterato

124 1610 125 1613 ¹
155 1600 352 1647 nostro
366 1592 611 1668 judicio
638 1594 1092 1670 comprobamus
1131 1604 1184 1650 et
1213 1594 1638 1670 confirmamus
1654 1635 1674 1663 ,
1719 1595 2040 1671 quidpiam
2069 1595 2261 1652 detra-

158 1693 320 1742 ctum
346 1690 550 1743 ceteris
576 1687 880 1744 catholicis
918 1688 1127 1747 scholis
1142 1730 1162 1758 ,
1193 1688 1430 1745 diversa
1457 1690 1535 1745 ab
1559 1689 1765 1746 eadem
1793 1693 1863 1746 in
1892 1690 2259 1767 eoeplicanda

154 1781 379 1856 divinoe
403 1786 623 1860 qratioe
667 1784 922 1860 efficacia
964 1786 1376 1858 sentientibus,
1412 1806 1672 1863 quorum
1708 1790 1890 1843 etiam
1927 1807 2070 1864 erqa
2099 1786 2257 1843 banc

153 1875 438 1932 Sanctam
477 1878 682 1934 Sedem
699 1880 1011 1956 proeclara
1035 1888 1182 1936 sunt
1203 1884 1418 1938 merita
1441 1924 1457 1955 ,
1486 1883 1806 1957 quominus
1845 1885 2163 1938 sententias
2190 1903 2259 1939 ea

152 1968 222 2026 de
264 1990 328 2027 re
371 1958 533 2028 tueri
575 1983 875 2051 pergant,
902 1973 1074 2051 'quas
1117 1974 1398 2032 hactenus
1431 1976 1647 2052 palam
1691 1985 1747 2031 et
1802 1976 1983 2033 libere
2025 1977 2251 2054 ubique

98 2140 103 2144 ‚
149 2069 330 2124 etiam
375 2071 444 2125 in
473 2068 653 2146 hujus
687 2071 856 2127 almoe
905 2070 1084 2129 Urbis
1126 2072 1254 2128 luce
1286 2071 1620 2128 docuerunt
1645 2082 1699 2127 et
1720 2083 2248 2149 propuqnarunt..

147 2159 370 2219 Pacem
395 2164 691 2241 siquidem
713 2209 728 2236 ,
755 2185 940 2242 quam
965 2186 1104 2223 cum
1127 2171 1367 2223 veritate
1391 2167 1758 2244 diliyerzdam
1784 2167 2083 2224 Dominus
2091 2189 2257 2246 prce-

146 2259 333 2332 cipit,
367 2261 525 2315 inter
565 2259 875 2319 Catholicae
902 2261 1180 2319 Ecclesiae
1208 2262 1365 2338 filios
1394 2265 1590 2339 fovere
1612 2272 1667 2319 et
1689 2267 2061 2320 communire
2096 2264 2257 2320 debe-

145 2371 284 2410 mus
305 2396 320 2425 7
355 2363 409 2411 et
447 2375 773 2429 curamus,
810 2366 881 2413 ut
896 2398 935 2437 ³.
956 2361 1290 2433 conj-unctis
1317 2358 1702 2415 diversarum
1745 2359 1879 2415 licet
1915 2357 2256 2415 scholarum

146 2448 366 2506 studiis
382 2491 405 2520 ,
437 2450 685 2527 firmius
706 2455 786 2509 sit
809 2452 1095 2510 adversus
1136 2456 1362 2510 erroris
1397 2453 1658 2511 insidias
1673 2453 2064 2531 praesidium.

946 2666 1327 2721 ARTICULUS
1367 2669 1462 2721 ΙΙΙ.

851 2798 944 2857 De
978 2801 1186 2877 qratia
1227 2798 1557 2875 sufficienti.

228 2982 366 3043 331.
411 2971 607 3068 Gratia
637 2987 925 3046 sufficiens
969 3009 1038 3047 ex
1078 2988 1341 3047 omnium
1378 2988 1806 3047 Catholicorum
1833 3010 2006 3047 sensu
2031 3011 2097 3048 ea
2133 3003 2243 3066 est,

143 3097 277 3158 quae
305 3078 530 3139 homini
568 3081 719 3140 vires
742 3070 973 3162 praebet
994 3104 1160 3143 veras
1183 3106 1247 3143 ac
1275 3086 1527 3165 perfecte
1556 3082 1870 3164 completas
1892 3130 1907 3158 ,
1930 3095 1988 3142 et
2012 3085 2249 3165 quidem

140 3171 325 3233 relate
365 3175 438 3233 ad
470 3187 781 3257 praesentes
815 3181 934 3254 ejus
958 3177 1414 3237 circumstantias
1437 3223 1451 3252 ,
1486 3177 1560 3235 ad
1595 3200 1737 3257 opus
1760 3177 1982 3238 bonum
2012 3180 2247 3240 elicien-

141 3265 308 3328 dum.
347 3269 605 3351 Dispesci
629 3270 775 3330 solet
809 3272 870 3330 in
896 3273 1162 3354 proxime
1196 3295 1259 3332 ac
1288 3284 1510 3331 remote
1537 3273 1936 3334 sufficientem.
1971 3276 2134 3334 Prior
2159 3288 2247 3336 est

139 3383 204 3421 ea
239 3407 254 3435 .,
295 3384 423 3442 quae
457 3366 781 3444 potentiam
807 3388 908 3425 seu
937 3367 1271 3427 facultatem
1309 3367 1382 3425 ad
1408 3367 1696 3446 agendum
1730 3370 2066 3430 immediate
2097 3392 2240 3429 con-

136 3457 295 3532 fert3
338 3461 624 3540 posterior
673 3483 812 3523 vero
841 3508 856 3537 ,
890 3484 1017 3544 quae
1060 3464 1294 3522 nonnisi
1341 3464 1957 3540 medianteforatione,
1990 3466 2244 3526 eleemo-

136 3573 277 3631 syna
293 3598 308 3627 .‚
333 3565 443 3613 etc.
474 3555 755 3632 ejusmodi
771 3557 1104 3629 facultatem
1124 3557 1483 3639 suppeditat.
1503 3560 1539 3617 J
1546 3557 1681 3617 uxta
1707 3560 2006 3619 notissima
2033 3561 2090 3618 S.
2123 3561 2243 3636 Au-

138 3648 353 3725 gustini
374 3647 574 3725 verba,
601 3637 642 3710 a*
660 3651 1001 3712 Tridentino
1018 3653 1270 3712 Concilio
1303 3664 1580 3735 usurpata
1605 3698 1623 3730 ,
1647 3657 1812 3714 Deus
1836 3656 2242 3735 impossibilia
