2540 4074
303 216 380 275 98
1054 221 1252 262 macr.
1297 221 1365 258 mi
1409 219 1636 259 cnam.

302 373 670 446 decesserint,
699 360 1013 449 postquam*
1029 383 1162 422 cum
1177 363 1296 421 Deo
1314 359 1564 418 amicitia
1580 359 1766 437 juncti
1781 368 1920 417 sunt
1936 403 1952 432 7
1973 379 2043 417 ex
2067 356 2187 416 sola
2207 356 2404 418 divina

303 465 688 533 misericordia
712 482 776 520 ac
798 456 1029 541 speciali
1053 454 1420 538 providentia
1437 453 1659 534 pendet
1679 498 1696 531 7
1719 458 1887 532 juxta
1911 452 2060 512 illud
2085 451 2244 534 quod
2265 451 2408 533 legi-

306 580 401 626 tur
440 558 739 645 Sapientiae
762 556 834 615 IV
855 599 870 629 7
913 554 980 611 11
1019 574 1033 609 :
1069 551 1315 630 Raptus
1343 558 1456 623 est,
1496 569 1572 607 ne
1601 543 1846 608 malitia}
1875 559 2140 610 mutaret
2175 549 2407 607 ‘intelle-

307 674 466 720 ctum
491 662 617 735 ejus
637 699 651 728 7
672 661 782 711 aut
809 672 884 708 ne
896 649 1059 726 fictio
1082 647 1374 724 deciperet
1397 648 1677 703 animam
1713 646 1905 703 illius.
1920 689 1958 703 ..
1989 648 2224 724 placita
2246 648 2411 719 enim

303 765 430 814 erat
452 754 573 811 Deo
597 750 810 806 anima
838 746 1026 803 illius.

383 845 514 905 198.
560 842 624 900 40
655 836 1058 900 Controversia
1099 835 1272 915 igitur
1301 843 1424 893 tota
1446 832 1706 894 volvitur
1727 833 1880 893 circa
1909 834 2408 916 perseverantiam

302 941 549 1002 activam
575 983 591 1014 ‚
643 957 857 1018 quam7
918 930 1277 990 cohaerenter
1322 928 1398 988 ad
1443 950 1619 987 suum
1668 938 1919 1007 systema
1960 930 2023 987 in
2071 930 2276 989 ordine
2337 929 2412 989 ad

304 1037 543 1118 gratiam
575 1030 856 1092 actualem
876 1073 892 1102 7
918 1024 1363 1107 Se-mipelagiani
1389 1022 1802 1082 inficiabantur
1830 1023 2121 1104 Peculiare
2147 1025 2252 1082 Dei
2275 1038 2414 1082 ‚mu-

309 1154 418 1190 nus
437 1150 573 1189 esse.
601 1124 890 1206 Siquidem
910 1167 925 1195 7
958 1142 1094 1179 cum
1122 1121 1303 1199 gratia
1329 1118 1566 1178 actualis
1591 1116 1796 1176 eadem
1816 1117 2007 1199 quoad
2025 1117 2415 1180 substantiam

304 1230 375 1286 sit
403 1247 465 1284 ac
495 1223 590 1282 illa
615 1268 630 1297 7
660 1243 771 1302 qua
803 1229 927 1276 tum
951 1238 1096 1298 opus
1120 1214 1369 1274 salutare
1397 1214 1704 1273 inchoatur
1731 1225 1791 1272 et
1818 1214 2120 1296 perficitur
2140 1259 2156 1288 7
2191 1224 2323 1272 tum
2352 1215 2416 1272 in

311 1332 497 1402 coepta
532 1315 708 1376 semel
729 1314 950 1392 justitia
981 1311 1187 1392 aliquis
1214 1321 1548 1391 susceptum
1576 1311 1690 1367 iter
1722 1309 2093 1391 persequitur
2130 1320 2190 1394 et
2238 1309 2419 1368 finem

307 1414 537 1493 attingit
561 1455 583 1484 ,
624 1407 1001 1492 applicabant
1033 1405 1481 1487 Semipelagiaui
1525 1404 1973 1486 perseverantiae
2012 1404 2215 1464 activae
2247 1403 2419 1464 theo-

299 1514 475 1583 riam7
503 1508 660 1590 prius
678 1505 750 1564 ab
770 1505 906 1585 ipsis
932 1502 1247 1562 admissam
1271 1501 1333 1559 in
1358 1499 1684 1560 oeconomia
1721 1500 1914 1580 gratiae
1947 1498 2207 1557 actualiS.
2239 1500 2416 1573 Hinc7

303 1628 433 1665 cum
455 1604 806 1683 exipsorum
832 1597 1120 1681 principio
1152 1596 1328 1654 homo
1364 1596 1547 1677 possit
1584 1595 1838 1676 propriis
1888 1593 2110 1653 viribus
2155 1592 2421 1652 obtinere

307 1701 537 1759 initium
578 1697 711 1755 fidei
755 1716 819 1754 ac
862 1693 1061 1752 salutis
1097 1738 1112 1766 7
1169 1712 1270 1750 seu
1326 1689 1534 1748 saltem
1589 1690 1806 1770 primas
1861 1700 2058 1770 partes
2094 1687 2319 1768 ‘habere
2361 1688 2424 1746 in

304 1795 529 1874 negotio
563 1792 759 1850 salutis
783 1835 798 1864 7
841 1786 1172 1847 inferebant
1196 1832 1211 1861 7
1241 1785 1345 1844 has
1375 1785 1551 1844 etiam
1588 1795 1784 1865 partes
1811 1783 2028 1843 habere
2048 1782 2304 1842 liberum
2337 1805 2424 1842 ar-

304 1890 541 1948 bitrium
588 1886 661 1945 ad
691 1882 1188 1967 perseverandum
1233 1881 1295 1938 in
1334 1879 1539 1939 eadem
1576 1879 1692 1938 fide
1732 1900 1798 1938 ac
1839 1878 2064 1951 salute3
2122 1901 2230 1960 per
2277 1878 2431 1938 illud

310 1987 468 2044 enim
500 1981 784 2064 quidlibet
819 1977 1144 2038 absolvitur
1164 2022 1179 2049 7
1209 1997 1317 2057 per
1349 1974 1509 2056 quod
1549 1985 1812 2056 coeptum
1845 1985 1935 2033 est
1959 1973 2071 2053 (1).

394 2080 529 2138 199.
576 2078 639 2135 5⁰
689 2077 1037 2155 Priusquam
1087 2072 1392 2131 veritatem
1432 2069 1777 2129 catholicam
1823 2069 2185 2130 vindicemus
2213 2115 2228 2142 7
2282 2068 2434 2128 illud

308 2175 543 2234 demum
577 2168 1097 2230 animadvertimus
1119 2212 1134 2241 7
1166 2187 1463 2246 maynum
1489 2164 1647 2223 istud
1672 2170 2135 2244 perseverantioe
2163 2166 2391 2223 donum
2409 2209 2425 2241 ,

309 2282 374 2328 ut
413 2267 672 2348 Synodus
705 2264 1044 2324 Tridentina
1073 2264 1268 2343 ipsum
1309 2259 1566 2342 appellat
1597 2305 1612 2334 7
1654 2259 1769 2318 duo
1803 2259 2110 2342 complecti
2137 2305 2153 2330 7
2185 2259 2431 2340 gratiam
2516 2258 2519 2261 ’

308 2363 522 2425 scilicet
547 2362 921 2437 interiorem7
959 2358 1031 2416 de
1066 2378 1179 2438 qua
1220 2356 1474 2415 diximus
1500 2402 1517 2429 7
1574 2366 1632 2415 et
1662 2357 2051 2429 exteriorem3
2090 2356 2430 2415 interiorem

311 2461 547 2541 quidem
565 2504 580 2531 7
620 2478 724 2539 per
752 2477 930 2537 quam
959 2453 1135 2512 homo
1146 2457 1338 2530 justus
1365 2451 1459 2510 vel
1480 2473 1513 2509 a
1536 2452 1784 2533 peccatis
1823 2450 2176 2524 retrahitur,
2227 2449 2324 2511 vel
2355 2449 2429 2510 ab

314 2556 380 2613 iis
424 2564 578 2611 certo
624 2551 940 2632 resipiscit7
983 2570 1047 2608 ac
1094 2547 1338 2607 tandem
1387 2548 1448 2605 in
1492 2558 1724 2628 accepta
1767 2547 1989 2624 justitia
2034 2556 2418 2627 perseverat3

317 2648 659 2707 exteriorem
692 2666 861 2717 vero7
893 2666 998 2724 per
1030 2665 1204 2724 quam
1246 2641 1319 2701 ab
1355 2642 1594 2702 homine
1631 2645 1790 2720 justo
1829 2642 1994 2720 (Deo
2041 2641 2427 2722 protegente)

320 2742 639 2802 occasiones
679 2738 954 2821 peccandi
980 2783 996 2812 7
1034 2738 1386 2796 tentationes
1414 2737 1638 2818 aliaque
1666 2735 1872 2795 salutis
1909 2734 2201 2795 obstacula
2230 2757 2426 2796 remo-

320 2847 560 2909 ventur,
594 2854 657 2893 ac
685 2833 937 2915 denique
966 2833 1287 2891 innumeris
1311 2853 1494 2916 prope
1523 2832 1695 2910 hujus
1727 2831 1858 2893 vitae
1897 2830 2164 2913 periculis
2207 2829 2425 2891 subdu-

388 2998 458 3062 (l)
494 2998 592 3046 Cfr.
628 2997 872 3045 Tricassin.
915 2995 996 3043 De
1027 2995 1326 3061 indifferenti
1404 2997 1694 3061 impetrando
1717 3014 1797 3061 per
1822 3014 1921 3044 eam
1939 2999 2092 3046 omnia
2115 3034 2129 3056 7
2158 3011 2261 3063 quae
2278 2997 2335 3044 ad
2350 3014 2424 3045 sa-

323 3079 447 3144 lapsi
463 3078 672 3126 hominis
689 3078 909 3126 arbitrio.
931 3087 1049 3142 part.
1067 3094 1109 3137 ι,
1131 3088 1241 3126 sect.
1263 3095 1289 3125 v
1306 3116 1318 3136 ‚
1400 3079 1547 3127 ‘lutem
1589 3081 1847 3128 necessaria
1885 3089 1999 3126 sunt
2023 3116 2035 3138 ‚
2082 3081 2326 3145 ipsamque
2372 3081 2423 3126 in

327 3158 355 3225 ἓ
394 3176 467 3207 xx1
492 3196 506 3219 7
548 3159 627 3206 ubi
668 3161 904 3220 ostendit,
948 3158 1333 3224 Semipelagianos
1412 3162 1548 3209 bonis
1581 3161 1798 3225 operibus
1834 3176 1982 3226 usque
2014 3163 2064 3208 in
2096 3162 2240 3211 finem
2268 3177 2425 3226 perse-

327 3243 430 3289 ideo
469 3229 596 3297 sibi,v
621 3240 895 3304 seussprogprii
918 3241 1092 3289 arbitrii
1125 3241 1329 3301 viribus,
1415 3245 1689 3291 vetantium.
1723 3243 1874 3309 Atque
1903 3244 1991 3292 hoc
2022 3254 2152 3308 pacto
2176 3243 2266 3292 sibi
2296 3244 2426 3292 vide-

331 3323 439 3372 fidei
473 3323 658 3368 initium
677 3357 690 3379 ‚
722 3331 862 3386 atque
883 3326 933 3370 in
961 3341 1013 3371 ea
1040 3340 1333 3388 perseverau-
1415 3324 1585 3373 bantur
1600 3325 1756 3391 aliqua
1775 3327 1950 3373 ratione
1966 3344 1989 3373 a
2008 3344 2055 3374 se
2072 3329 2182 3390 ipsis
2195 3325 2422 3391 pendere,

326 3406 433 3451 tiam
454 3402 703 3450 vindicasse
718 3439 731 3460 7
755 3405 860 3468 quia
880 3404 1131 3467 putabant,
1160 3422 1208 3453 se
1230 3406 1328 3454 suf·
1411 3415 1457 3454 et
1484 3424 1581 3454 non
1607 3423 1634 3454 a
1651 3408 1814 3472 gratia,
1847 3424 1955 3455 cum
1971 3410 2112 3456 etiam
2141 3425 2244 3460 eam
2275 3409 2422 3473 ipsam

326 3486 526 3533 sicienter
546 3500 623 3548 per
639 3486 772 3531 istam
804 3484 943 3531 fidem
961 3520 973 3543 ‚
1004 3488 1197 3550 propriis
1223 3502 1326 3534 me·
1409 3489 1599 3551 gratiam
1623 3523 1636 3546 7
1661 3505 1802 3553 quam
1825 3489 2131 3538 admittebant
2146 3500 2198 3538 ut
2215 3505 2423 3538 necessa-

324 3567 421 3613 ritis
454 3564 541 3612 sibi
572 3573 881 3628 comparatam
901 3602 914 3623 ‚
947 3569 1112 3615 evitare
1140 3565 1325 3615 absolu·
1409 3569 1524 3615 riam
1535 3569 1593 3615 ad
1611 3585 1746 3633 opera
1762 3569 1996 3631 salutaria,
2015 3572 2171 3620 sibiae
2184 3573 2277 3619 suis
2294 3573 2425 3619 meri·

324 3658 420 3695 tam
464 3664 491 3694 a
535 3643 621 3694 Dei
672 3647 812 3709 gratia
867 3645 1222 3710 dependentiam
1275 3650 1327 3696 in
1408 3650 1467 3696 tis
1494 3649 1780 3699 vindicarent
1814 3662 1973 3700 contra
2005 3652 2218 3701 Ecclesiae
2254 3652 2423 3702 doctri-

322 3728 481 3776 salutis
511 3728 692 3792 negotio
711 3763 726 3787 ‚
757 3721 1253 3792 promerendo'scilicet
1281 3739 1324 3778 et
1408 3747 1538 3791 nam,
1554 3749 1695 3798 quam
1715 3733 2033 3800 propugnabat
2044 3732 2096 3803 S?
2112 3733 2421 3799 Augustinus.
