2430 4056
476 183 631 221 mar.
678 181 739 220 ιι.
786 181 907 220 eu.
954 181 1017 217 11.
1063 181 1130 217 DE
1173 181 1619 221 sus‘rchnonn
1661 183 1822 221 nuru.
2110 164 2226 232 261

129 319 542 380 adstruendam
568 366 584 395 ‚
626 319 900 402 quoniam
945 321 1227 400 posterior
1267 325 1387 399 ejus
1423 342 1556 402 pars
1593 343 1626 380 a
1667 322 1845 403 priori
1877 332 2157 404 tanquam
2189 344 2226 394 ¹a

129 435 232 473 suo
269 412 556 500 principio
582 434 647 473 ae
673 411 1058 473 fundamento
1095 414 1314 496 pendet
1333 459 1349 489 ‚
1381 426 1688 497 utramque
1716 405 2023 499 propterea
2049 416 2223 476 simul

126 510 392 589 sequenti
425 518 765 590 argumento
817 509 1257 589 perstringimus
1294 531 1308 567 ε
1357 511 1542 568 Nemo
1584 521 1818 570 tenetur
1860 512 1974 571 fide
2028 510 2225 571 divina

124 603 360 664 eredere
392 625 452 663 se
485 624 606 663 esse
630 605 1007 681 justificatum
1030 649 1046 679 ,
1079 605 1126 663 si
1166 626 1341 664 nemo
1373 605 1487 664 fide
1517 605 1712 664 divina
1741 605 1956 688 absque
1988 607 2220 688 speciali

123 697 474 757 revelatione
523 708 712 757 certus
759 720 878 757 esse
930 709 1122 780 potest
1170 720 1229 757 se
1267 700 1646 776 justificatum
1696 721 1834 758 esse.
1895 702 2028 759 Jam
2083 721 2222 760 vero

122 792 416 851 neminem
440 836 457 866 ‚
499 804 754 872 excepte.
777 813 909 851 casu
932 791 1192 874 specialis
1217 793 1586 852 revelationis
1604 838 1619 866 ‚
1655 804 1878 851 eertum
1905 815 2027 854 esse
2056 816 2223 877 posse

37 925 40 928 ι
121 885 195 944 de
230 886 460 968 propria
488 888 897 965 justificatione
926 932 942 962 7
979 886 1149 946 sicin
1186 887 1392 967 primis
1431 908 1502 945 ex
1538 887 1723 945 Sacris
1761 889 1989 947 Litteris
2023 901 2221 948 osten-

121 978 314 1039 dimus
363 1003 376 1038 :
648 999 651 1002 ⁴

145 1092 147 1094 ’
198 1074 335 1134 572.
394 1075 600 1135 EccleS.
649 1078 762 1150 IX,
816 1078 882 1150 1,
927 1075 1138 1134 dieitur
1183 1097 1196 1132 ε
1230 1076 1386 1132 Sunt
1402 1079 1570 1152 justi
1594 1084 1768 1152 atque
1809 1080 2137 1154 sapientes,
2166 1087 2221 1134 et

111 1190 289 1248 opera
328 1191 533 1229 eorum
568 1176 637 1229 in
660 1192 854 1230 manu·
874 1171 993 1230 Dei
1011 1213 1032 1241 ,
1058 1180 1111 1227 et
1133 1179 1331 1227 tamen
1368 1173 1550 1227 nescit
1589 1169 1755 1226 homo
1783 1180 1993 1227 utrum
2018 1190 2219 1228 amore

108 1270 199 1322 vel
230 1266 359 1323 odz'o
394 1266 617 1344 dzynus
650 1269 757 1338 sz‘tg
800 1265 902 1323 sed
933 1268 1140 1322 omnia
1175 1268 1245 1320 in
1274 1266 1569 1340 faturum
1611 1274 1933 1320 servantur
1966 1268 2214 1321 ineerta.

109 1360 280 1419 Prov.
314 1360 418 1416 XX
442 1404 457 1433 ‚
494 1359 562 1431 9,
592 1359 906 1437 interrogat
927 1357 1163 1439 Sapiens
1206 1378 1220 1414 :
1257 1358 1406 1435 Quis
1423 1367 1612 1434 potest
1644 1357 1836 1415 dicere
1860 1382 1877 1413 .·
1912 1359 2214 1415 mundum

107 1463 192 1510 est
223 1473 326 1511 eor
368 1474 567 1510 meum
582 1496 605 1524 ,
637 1473 843 1532 purus
880 1474 1013 1510 sum
1042 1474 1081 1510 a
1096 1461 1334 1530 peceato
1358 1451 1390 1509 P
1428 1452 1575 1509 Hine
1617 1449 1688 1509 de
1722 1471 1780 1508 se
1805 1460 2003 1531 aperte
2030 1453 2211 1531 profi-

109 1557 267 1606 tetur
290 1547 630 1629 ApostoluS,
673 1551 696 1605 Ι
743 1549 871 1606 Cor.
919 1548 1028 1621 IV,
1074 1546 1111 1604 4
1150 1569 1162 1604 :
1207 1545 1395 1606 Nihil*
1423 1547 1580 1603 mihi
1611 1552 1882 1603 conse-ius
1910 1567 2080 1619 sum,
2114 1546 2218 1604 sed

106 1661 228 1700 non
263 1646 328 1699 in
359 1643 462 1701 hoe
480 1642 854 1720 justificatus
887 1663 1052 1715 sum3
1100 1645 1214 1719 qui
1241 1650 1443 1698 autem
1454 1641 1708 1718 judicat
1747 1661 1868 1711 me,
1910 1640 2212 1699 Dominus

108 1747 207 1794 est.
250 1738 415 1815 Ergo,

185 1830 322 1888 573.
352 1831 627 1890 Eamdem
644 1833 948 1891 veritatem
967 1835 1162 1891 Patres
1188 1831 1543 1890 unanimiter
1558 1832 1911 1888 confirmant
1924 1876 1937 1903 ,
1956 1852 2212 1912 quorum

102 1926 432 1986 testimonia
461 1926 688 2005 collegit
715 1927 1097 1986 Bellarminus
1137 1927 1245 2007 (l).
1284 1928 1398 1985 Nos
1420 1971 1433 1998 7
1474 1947 1549 1983 ne
1589 1926 1752 1982 nimii
1775 1926 1952 1982 simus
1975 1970 1989 1997 ‚
2021 1946 2209 1984 unum

103 2042 174 2080 ex
219 2019 307 2078 his
339 2021 685 2102 proferimus
723 2021 1143 2101 Augustinum,
1186 2042 1359 2101 quem
1409 2021 1574 2077 unice
1609 2020 1890 2077 aestimare
1936 2018 2209 2079 videntur

94 2114 421 2174 adversarii.
455 2118 629 2173 Porro
656 2116 734 2173 ita
773 2115 970 2174 scribit
998 2118 1053 2174 S.
1082 2119 1293 2174 Doctor
1317 2113 1431 2192 (ad
1466 2113 1644 2174 verba
1667 2114 1764 2172 illa
1803 2113 2012 2171 Psalmi
2037 2115 2158 2172 XLI
2184 2136 2200 2171 ε

1 2247 4 2251 -
94 2209 198 2268 Ad
229 2230 321 2266 me
367 2215 567 2289 ipsum
606 2214 820 2268 anima
861 2232 992 2268 mea
1028 2212 1274 2268 turbata
1307 2208 1433 2288 est)
1476 2231 1488 2266 :
1526 2209 1726 2280 Novi,
1767 2214 1915 2288 quia
1949 2213 2205 2285 justitia

92 2302 214 2359 Dei
232 2305 352 2360 mei
376 2313 611 2376 manetg
653 2314 863 2361 utrum
885 2325 1016 2362 mea
1036 2314 1283 2362 maneat
1300 2346 1321 2373 ,
1355 2307 1548 2360 neseio
1589 2301 1701 2380 (2)
1738 2304 1806 2359 Et
1847 2303 1910 2359 in
1937 2301 2083 2359 libro
2109 2304 2202 2360 De

82 2399 328 2475 perfect.
348 2401 554 2474 justit.
581 2422 597 2455 :
630 2398 1013 2476 Quantalibet
1031 2443 1045 2470 ‚
1079 2398 1298 2478 inquit,
1306 2400 1560 2475 justitia
1587 2403 1665 2454 sz't
1676 2397 1976 2475 proedz’tus
1996 2397 2163 2453 homo
2181 2442 2197 2470 ,

94 2494 347 2572 coqitare
369 2493 533 2550 dehet
551 2537 566 2566 a
592 2514 663 2550 ne
679 2494 922 2571 aliquid
938 2497 1005 2550 in
1021 2494 1121 2550 illo
1135 2536 1158 2563 ,
1180 2493 1340 2570 quod
1350 2496 1472 2569 ipse
1490 2512 1604 2549 non
1637 2492 1827 2560 videt,
1854 2495 2206 2548 inveniatur

93 2607 210 2644 esse*
249 2588 623 2666 culpandum
653 2586 760 2666 (3).
799 2587 1014 2667 Saepius
1041 2586 1178 2644 alibi
1200 2586 1322 2644 haee
1343 2587 1464 2667 ipsa
1492 2585 1830 2664 ingeminat.
1869 2584 2017 2643 Talis
2047 2605 2203 2664 prae-

94 2693 251 2740 terea
286 2693 374 2740 est
405 2700 604 2740 sensus
640 2683 981 2740 Sanctorum
1021 2682 1319 2754 omnium3
1362 2681 1492 2761 qui,
1535 2701 1648 2760 quo
1687 2678 1926 2737 ulterius
1969 2679 2029 2736 in
2067 2700 2202 2759 per-

90 2777 338 2835 fectione
363 2796 428 2834 ae
458 2777 758 2836 sanctitate
785 2771 1234 2858 progrediuntur
1255 2821 1270 2850 ,
1314 2798 1381 2835 eo
1419 2775 1598 2854 magis
1625 2775 1872 2844 timent,
1913 2796 1976 2832 ae
2002 2774 2200 2831 humi-

0 2885 1 2955 }
93 2869 262 2930 liores
286 2892 356 2929 ex
378 2871 721 2930 conscientia
739 2873 984 2953 propriae
1005 2870 1456 2953 imperfectionis
1481 2871 1663 2942 fiunt3
1686 2867 1843 2950 quod
1864 2869 1924 2926 in
1940 2868 2199 2949 ipsorum

0 2973 22 3078 J·
94 2964 346 3024 historiis
385 2963 591 3023 nullibi
625 2987 747 3024 non
782 2978 870 3024 est
896 2963 1116 3027 videre.
2081 2978 2083 2981 ’

175 3061 311 3120 574.
357 3061 520 3119 Ratio
560 3061 619 3118 i‘n
649 3071 928 3143 promptu
967 3073 1074 3120 est.
1122 3061 1351 3120 Etenim
1389 3081 1562 3119 nemo
1593 3059 1706 3118 fide
1743 3058 1938 3119 divina
1964 3058 2196 3119 eredere

92 3160 315 3237 potest,
362 3155 664 3237 multoque
719 3156 910 3214 minus
958 3166 1190 3215 tenetur
1219 3202 1234 3230 ,
1287 3156 1398 3214 nisi
1444 3152 1599 3234 quod
1642 3175 1673 3212 a
1709 3157 1829 3213 Deo
1869 3153 2198 3214 revelatum

0 3242 4 3283 t
95 3259 213 3326 est3
259 3250 420 3330 atqui
465 3250 734 3332 nuspiam
773 3249 1097 3311 revelatum
1134 3261 1259 3324 est,
1316 3248 1496 3307 talem
1536 3247 1633 3308 vel
1670 3249 1850 3307 talem
1897 3250 1958 3306 in
2007 3249 2195 3330 specie

94 3366 214 3426 prae
248 3366 307 3404 se
341 3342 538 3403 tulisse
576 3343 976 3428 dispositiones
1020 3344 1380 3405 necessarias
1409 3341 1485 3401 ad
1520 3342 2188 3420 justificationemasse-

164 3563 230 3626 (1)
266 3562 388 3639 Ibid.
411 3579 522 3628 cap.
541 3579 589 3629 7.
1263 3558 1332 3625 (3)
1369 3545 1481 3625 Cap.
1507 3576 1584 3620 xv,
1613 3577 1666 3608 n.
1703 3558 1787 3609 33.

170 3644 233 3709 (2)
264 3644 329 3694 Ν.
368 3659 440 3692 12.
