2430 4056
220 185 329 245 130

950 187 1139 228 TRAc'r.
1183 188 1251 226 DE
1293 188 1514 225 GRATIA.
1565 193 1568 196 ’

292 341 432 403 283.
479 335 779 400 Jansenius
818 350 981 389 suam
1024 325 1308 387 theoriam
1343 337 1468 386 tum
1508 325 1646 386 alibi
1681 338 1806 385 tum
1843 325 1943 385 lib.
1989 326 2115 384 vul
2139 371 2154 399 .,
2195 329 2282 386 De

213 441 414 522 qratia
430 430 779 498 Salvatori87
804 421 1119 504 praesertim
1151 439 1283 478 vero
1317 438 1441 499 cap.
1475 421 1554 479 ΙΙΙ
1586 465 1602 494 ,
1630 420 1855 502 aperuit
1868 461 1890 493 -‚
1920 418 2077 500 quod
2099 419 2177 477 sic
2199 419 2284 478 in-

221 528 469 610 scripsit:
492 521 873 597 Acljutorium
898 515 1124 573 Christi
1143 513 1498 570 determinat
1512 516 2084 592 acpraedeterminat
2107 517 2286 571 etiam

215 625 449 705 physice
470 617 818 674 voluntatem
839 652 854 681 a
886 619 955 666 ut
977 608 1112 667 velit
1129 650 1145 679 7
1181 614 1234 662 et
1258 605 1570 665 ardentius
1595 609 1762 678 velit,
1786 619 1838 665 et
1858 629 1928 665 eoe
1960 628 2074 684 quo
2096 611 2286 684 capite

219 714 380 775 istud
400 708 643 768 accidat.
668 706 840 761 Porro
870 699 1008 758 ibid.
1041 695 1344 756 ostendere
1371 698 1575 757 nititur
1597 743 1613 773 .,
1639 699 1701 758 id
1721 700 1981 759 »accidere
2011 722 2081 759 ex
2106 699 2288 759 delec-

218 807 428 866 tatione
452 824 465 859 :
503 801 643 879 Quae
660 799 817 875 facit
835 838 850 867 ‚
880 792 1068 872 inquit
1096 836 1112 865 ,
1151 800 1221 848 ut
1244 811 1471 849 necessu
1494 813 1574 850 su·
1601 800 1882 853 animum
1911 795 2080 853 istud
2099 797 2290 873 sequi,

214 913 266 959 et
297 896 614 958 seeundum
648 888 814 949 istud
837 890 1100 966 operari,
1132 907 1277 956 ouon
1308 907 1543 944 AMPLIUS
1587 907 2001 947 nnnnc'rsvnm'r
2040 886 2288 968 (1).Το-

217 1007 343 1052 tum
378 1011 510 1051 vero
538 1007 705 1045 suum
722 992 965 1062 systema
991 978 1224 1037 deducit
1239 1000 1309 1037 ex
1336 979 1616 1060 principio
1641 991 1808 1039 antea
1827 1002 1861 1039 a
1886 1003 1945 1040 se
1977 982 2289 1040 constituto

219 1086 290 1145 de
314 1084 514 1143 amissa
539 1101 639 1162 per
666 1086 961 1159 peccatum
982 1071 1247 1130 libertate
1279 1071 1681 1133 indifferentiae
1695 1118 1717 1144 ,
1749 1086 1815 1132 ut
1841 1086 2063 1134 constat
2084 1095 2155 1133 ex
2189 1075 2256 1133 iis
2275 1119 2292 1148 ,

219 1201 343 1262 quae
366 1176 587 1257 scripsit
621 1172 723 1230 lib.
768 1170 844 1228 III
878 1178 934 1226 et
971 1167 1067 1237 IV,
1094 1168 1184 1225 De
1216 1177 1374 1224 statu
1414 1178 1647 1227 naturae
1681 1170 1897 1251 lapsaez,
1939 1190 2052 1251 quo
2088 1170 2153 1227 fit
2180 1213 2197 1246 ‚
2231 1179 2297 1228 ut

220 1367 325 1414 bere
350 1376 622 1426 menequeo
654 1356 712 1405 ab
755 1356 846 1404 alio
876 1354 1082 1420 ejusdem
1111 1352 1208 1401 hae-

219 1444 449 1494 resiarchae
475 1451 598 1489 textu
615 1438 847 1487 afferendo
866 1454 918 1484 ex
937 1435 1020 1484 lib.
1042 1451 1078 1505 ¹¹.
1099 1472 1111 1493 ‚
1133 1433 1211 1481 De

221 1527 305 1582 lib.
345 1524 445 1571 arb.
474 1522 654 1569 advers.
699 1517 929 1582 Piqhium
955 1553 967 1575 ‚
1017 1516 1122 1563 edit.
1162 1515 1210 1570 32

221 1607 389 1655 Genev.
418 1621 522 1668 pag.
558 1603 677 1661 153,
704 1598 894 1647 ubizSi
928 1598 1164 1645 coactioni
1195 1631 1210 1654 ,

220 1689 399 1752 inquit,
442 1684 693 1748 opponitur
728 1679 917 1727 libertas
952 1712 966 1737 ‚
1014 1677 1213 1725 liberum

222 1784 315 1816 esse
343 1765 595 1813 arbitrium
634 1770 677 1808 et
697 1761 851 1825 fateor
878 1768 921 1806 et
950 1767 1215 1805 constanter

221 1863 426 1896 assevero
451 1881 464 1909 ,
509 1860 564 1891 ac
614 1859 705 1908 pro
761 1841 976 1889 hoeretico
1025 1839 1170 1888 habeo
1193 1874 1210 1901 ,

222 1928 435 1992 quisquis
480 1940 610 1971 secus
652 1922 846 1969 sentiat.
895 1920 955 1967 Si
991 1919 1107 1979 hoc,
1137 1921 1216 1967 in-

223 2024 392 2071 quam,
422 2021 562 2052 sensu
603 2003 800 2050 liberum
847 2008 1064 2059 vocetur,
1099 2002 1216 2064 quia

225 2104 321 2135 non
357 2095 576 2150 coyatur,
604 2093 686 2131 aut
722 2081 950 2130 violenter
1000 2081 1220 2129 trabatur

227 2176 414 2215 externo
437 2174 590 2222 motu,
615 2164 695 2212 sed
723 2172 882 2229 sponte
900 2163 1081 2226 aqatur'
1096 2179 1184 2211 sua
1202 2199 1215 2222 ‚

228 2248 356 2296 nihil
390 2263 558 2295 moror.
602 2246 694 2293 Nec
731 2246 819 2292 alia
861 2245 947 2291 fuit
996 2246 1219 2292 sententia

229 2329 419 2378 Lutheri
443 2365 456 2386 ‚
493 2330 570 2392 qui
599 2329 646 2374 in
680 2325 798 2374 libro
829 2324 909 2374 De
927 2342 1057 2373 servo
1087 2325 1219 2373 arbi-

229 2411 337 2470 trio,
364 2410 445 2456 fol.
467 2406 564 2470 468
579 2444 592 2470 ,
608 2409 667 2454 ita
687 2417 881 2454 mentem
900 2424 1030 2454 suam
1048 2409 1217 2470 aperit:

232 2489 452 2554 Sequitur
479 2506 563 2536 nos
593 2490 851 2536 necessario
878 2489 1067 2552 operari
1094 2503 1108 2549 3
1137 2503 1221 2534 ne-

232 2572 429 2617 cessario
454 2585 557 2616 vero
586 2569 689 2616 dico
717 2605 730 2627 ,
771 2584 870 2615 non
907 2577 1060 2615 coacte
1089 2585 1103 2629 3
1138 2567 1223 2616 hoc

235 2658 330 2711 est,
360 2649 492 2696 homo
513 2686 525 2708 ‚
557 2666 665 2696 cum
693 2658 828 2696 vacat
865 2648 1055 2714 Spiritu
1090 2649 1219 2708 Dei,

234 2746 332 2778 non
365 2729 552 2794 quidem
594 2728 818 2777 violentia
838 2766 851 2787 ,
893 2724 1016 2776 velut
1061 2739 1224 2795 captus

238 2810 409 2859 obtorto
450 2808 562 2857 collo
579 2845 594 2872 ,
638 2809 796 2856 nolens
838 2810 961 2872 facit
997 2810 1176 2858 ‚nalum
1203 2846 1220 2872 ‚

237 2891 317 2939 sed
354 2898 513 2956 sponte
555 2898 599 2938 et
629 2883 795 2937 libenti
823 2889 1058 2939 voluntate
1083 2891 1223 2954 facit.

242 2972 350 3020 Hoc
372 2988 590 3020 vocamus
615 2971 748 3018 modo
790 2973 1107 3019 necessitatem
1134 2974 1230 3020 im-

241 3051 569 3100 mutabilitatis
586 3089 598 3112 ,
621 3048 744 3116 quod
760 3051 973 3100 voluntas
988 3069 1036 3100 se
1057 3069 1104 3100 se
1125 3070 1232 3110 mu-

245 3137 343 3177 tare
368 3138 410 3176 et
432 3141 601 3180 vertere
625 3133 719 3181 alio
735 3150 832 3182 non
841 3136 1012 3198 possit.
1048 3134 1232 3182 Rursus

248 3226 306 3258 ex
344 3209 490 3258 altera
527 3221 662 3276 parte
684 3249 699 3275 ,
739 3217 784 3263 si
828 3218 962 3265 Deus
1001 3216 1059 3262 in
1099 3216 1233 3266 nobis

247 3299 466 3354 operatur
488 3327 502 3350 .,
539 3301 721 3340 mutata
737 3303 780 3342 ct
796 3295 968 3344 blande
988 3296 1234 3346 assibilata

240 3385 330 3434 per
373 3371 610 3436 Spiritum
648 3373 748 3422 Dei
797 3376 1012 3425 voluntas
1061 3380 1234 3426 iterum

249 3467 380 3499 mera
414 3451 624 3503 lubentia
657 3463 701 3502 et
727 3458 964 3520 pronitate
992 3475 1050 3506 ac
1075 3468 1236 3524 sponte

248 3547 338 3581 suo
349 3531 448 3580 vult
467 3541 511 3596 et
523 3533 648 3596 facit
663 3568 679 3594 ,
714 3551 810 3584 non
835 3546 988 3586 coacte
1012 3576 1026 3598 ‚
1041 3556 1131 3604 pro
1145 3556 1234 3589 na-

244 3621 358 3660 tura
408 3612 665 3665 voluntat-ic
684 3652 698 3676 ‚
730 3633 834 3680 quw
869 3621 916 3666 si
966 3629 1234 3699 cogssaemtm·²

1288 1354 1504 1404 voluntas
1539 1373 1638 1404 non
1668 1364 1820 1419 esset3
1852 1374 1967 1405 nam
1999 1360 2183 1406 coactio
2204 1374 2296 1423 po-

1289 1439 1388 1484 tius
1417 1446 1514 1498 est,
1543 1447 1597 1486 ut
1615 1439 1683 1486 sic
1711 1438 1870 1486 dicam
1891 1475 1906 1500 ‚
1927 1438 2168 1488 noluntas.
2194 1438 2294 1487 Alia

1291 1518 1420 1583 plura
1436 1521 1521 1567 cfr.
1539 1519 1703 1585 apudD
1721 1520 1954 1584 echamps‚
1973 1520 2055 1567 lib.
2070 1523 2234 1584 op.cit.
2256 1537 2272 1567 ¹
2288 1557 2301 1578 ‚

1293 1602 1409 1666 disp.
1450 1618 1510 1657 11,
1537 1618 1633 1666 cap.
1655 1618 1721 1662 2‚·
1754 1612 1851 1649 tum
1869 1601 1954 1649 lib.
1986 1617 2051 1660 ιι,
2082 1601 2202 1665 disp.
2220 1615 2303 1661 ιιι,

1294 1699 1396 1746 cap.
1451 1698 1467 1728 1
1503 1700 1628 1747 seqq.
1665 1682 1782 1730 Cum
1815 1684 1952 1746 igitur
1978 1681 2098 1728 hanc
2128 1681 2300 1729 doctri-

1294 1780 1403 1811 nam
1435 1773 1591 1826 utpote
1613 1764 1869 1812 haereticam
1885 1763 2175 1811 anathemate
2191 1779 2292 1826 per-

1295 1844 1453 1893 culerit
1467 1844 1679 1910 Synodus
1699 1845 1971 1893 Tridentina
1995 1881 2008 1903 ‚
2026 1853 2168 1908 patet,
2192 1844 2293 1891 hae-

1295 1928 1483 1974 reticam
1525 1944 1620 1974 esse
1657 1927 1915 1974 doctrinam
1958 1925 2163 1973 Jansenii
2188 1961 2201 1983 ‚
2237 1942 2293 1974 ac

1298 2010 1455 2055 merito
1472 2007 1660 2072 proinde
1689 2007 1812 2055 hanc
1828 2015 1986 2054 notam
2012 2009 2053 2054 ei
2082 2007 2294 2054 inussisse

1296 2088 1526 2136 Romanos
1556 2087 1812 2137 Pontifices.
1828 2087 2061 2147 Ceterum,
2083 2088 2292 2151 quamvis

1298 2187 1377 2233 per
1405 2170 1619 2234 ambages
1663 2171 1789 2217 nisus
1829 2171 1885 2217 sit
1922 2168 2162 2216 Jansenius
2197 2185 2244 2216 se
2269 2185 2295 2216 a

1300 2250 1493 2299 Calvino
1535 2269 1766 2300 secernere
1786 2287 1798 2310 ,
1833 2268 1995 2317 parum
2034 2260 2188 2298 tamen
2222 2249 2294 2296 his

1300 2334 1445 2382 fidens
1462 2370 1475 2392 ‚
1506 2350 1602 2381 non
1626 2333 1818 2381 obscure
1845 2335 2032 2391 innuit,
2049 2329 2294 2379 Calvinum

1277 2414 1357 2462 .ab
1388 2414 1658 2479 Augustini,
1709 2431 1852 2479 quam
1897 2416 1993 2477 ipse
2040 2418 2253 2460 autumat
2279 2447 2293 2470 ‚

1302 2496 1511 2544 doctrina
1541 2513 1637 2543 non
1660 2497 1912 2556 recedere'3
1948 2497 2013 2542 sic
2038 2496 2162 2541 enim
2194 2495 2297 2541 scri·

1302 2577 1369 2625 bit
1386 2615 1398 2638 ‚
1415 2577 1497 2625 lib.
1515 2594 1614 2636 vm,
1636 2575 1715 2624 De
1734 2584 1859 2640 qrat.
1876 2574 2062 2623 Salvat.
2086 2592 2186 2639 cap.
2210 2590 2295 2634 21,

1304 2676 1402 2724 pag.
1434 2657 1532 2725 570
1558 2696 1571 2718 ‚
1607 2658 1696 2706 col.
1723 2674 1751 2705 2
1784 2675 1797 2704 z
1834 2655 1976 2722 Quod
2022 2657 2069 2703 si
2096 2671 2192 2719 qua
2236 2656 2292 2702 in

1305 2758 1354 2787 re
1385 2739 1617 2789 Calvinus
1649 2756 1759 2787 cum
1792 2736 2073 2802 Auqustino
2101 2744 2146 2784 et
2172 2737 2299 2784 anti-

1305 2823 1412 2884 quis
1449 2820 1682 2868 Patribus
1714 2820 1939 2880 senserit,
1978 2834 2074 2865 non
2107 2825 2303 2883 propter

1311 2903 1569 2952 Calvinum
1627 2900 1909 2966 Auyustino
1945 2898 2302 2965 indignandum

1309 2995 1376 3033 est
1389 3021 1405 3047 ,
1425 2986 1505 3033 sed
1514 2993 1708 3050 propter
1731 2985 1777 3032 A
1785 2985 2063 3047 uqustinum
2099 2979 2301 3029 Calvino

1304 3068 1467 3131 potius
1477 3064 1835 3130 qratulandum.
1853 3064 1907 3111 Et
1927 3064 2038 3111 ibid.
2056 3080 2159 3128 pag.
2175 3059 2302 3110 255:

1313 3148 1567 3205 Facessat,
1614 3149 1765 3212 inquit
1785 3183 1798 3206 ,
1838 3153 1882 3193 et
1913 3147 2007 3192 ista
2030 3143 2144 3192 hinc
2166 3142 2303 3190 invi-

1312 3227 1445 3276 diosa
1479 3228 1776 3292 querimonia
1799 3260 1814 3286 ,
1860 3226 1984 3291 quod
2034 3224 2304 3289 Auqustini

1311 3311 1542 3357 sententia
1579 3307 1777 3358 Calvino
1801 3317 1886 3356 aut
1914 3307 2114 3356 luthero
2142 3306 2305 3371 favero

1313 3391 1544 3444 videatur,
1592 3386 1656 3438 Si
1699 3391 1828 3437 enim
1872 3388 2141 3454 Augustini
2192 3396 2259 3436 est
2283 3421 2300 3448 ‚

1312 3470 1505 3520 illorum
1534 3487 1665 3519 error
1697 3487 1792 3519 esse
1825 3488 1922 3520 non
1950 3477 2118 3537 potest.

1381 3553 1443 3616 (l)
1481 3553 1601 3601 lbid.
1630 3545 1732 3618 pag.
1758 3550 1869 3615 346.
