2540 4074
525 226 677 265 mm.
721 227 760 264 1.
804 225 924 264 cn».
968 225 1035 261 11.
1084 226 1153 262 nn
1197 225 1419 264 cunm
1459 225 1839 265 nncsssrm'rr..
2155 204 2232 264 93

138 389 194 425 se
234 367 336 449 hoc
365 366 573 424 dicant
597 409 614 438 7
643 367 942 442 quianon
971 373 1055 421 est
1078 367 1161 422 eis
1169 367 1316 442 jam
1355 368 1688 423 necessaria
1721 369 1839 423 ista
1856 368 2106 444 petitio,
2135 369 2240 427 sed

134 482 247 539 pro
271 462 412 519 aliis
435 503 451 533 7
490 462 603 537 qui
625 466 771 516 sunt
787 458 858 514 in
883 477 989 515 suo
1005 460 1227 538 populo
1247 469 1578 538 peccatores
1595 504 1611 532 7
1640 469 1695 516 et
1718 459 1846 517 ideo
1886 479 2007 518 non
2042 461 2235 520 dicere

140 574 620 634 unumquemque
639 554 1032 612 Sanctorum:
1065 557 1318 614 Dimitte
1341 555 1500 613 mihi
1521 556 1720 614 dehita
1750 577 1882 615 mea
1901 601 1917 632 7
1941 557 2045 615 sed
2069 579 2082 615 :
2115 560 2237 618 Di-

141 655 307 710 mitte
330 649 502 708 nohis
524 648 724 706 dehita
753 658 991 719 nostra,
1019 659 1091 706 ut
1121 649 1224 708 hoc
1244 670 1361 728 pro
1398 651 1540 708 aliis
1570 653 1777 730 potius
1816 673 2003 729 quam
2022 674 2140 731 pro
2177 675 2237 712 se

123 750 334 824 justus
350 753 545 822 petere
579 743 956 822 intelliyatur
969 786 990 814 ,
1017 745 1338 803 anathema
1359 749 1456 802 sit.
1494 746 1634 803 Can.
1674 746 1817 803 VIII
1845 768 1856 803 ε
1907 747 2060 805 Item
2092 751 2238 828 pla-

45 916 47 919 !
141 840 270 896 cuit
291 880 309 910 7
339 846 410 894 ut
433 841 796 915 quicumque
823 837 999 895 verba
1031 841 1168 916 ipsa
1199 839 1533 897 Dominicee
1577 842 1867 897 orationis
1887 885 1903 913 7
1936 843 2047 899 ubi
2080 844 2238 902 dici-

138 951 276 992 mus
306 952 319 989 :
357 931 611 990 Dimitte
654 931 824 989 nohis
858 932 1056 990 dehita
1102 941 1306 989 nostra
1332 975 1348 1003 7
1385 935 1474 988 ita
1499 932 1706 989 volu-nt
1731 954 1770 989 a
1804 935 2042 993 Sanctis
2071 938 2198 995 dici
2219 983 2236 1013 7

141 1037 211 1084 ut
222 1026 533 1085 humiliter
549 1071 565 1099 7
591 1046 710 1083 non
727 1030 1015 1084 veraciter
1026 1026 1130 1083 hoc
1153 1026 1432 1095 dicatur,
1449 1026 1772 1083 anatliema
1791 1030 1887 1085 sit.
1915 1028 2064 1106 Quis
2077 1035 2240 1103 enim

133 1124 299 1200 ferat
322 1131 588 1179 orantem
603 1164 623 1191 ,
650 1130 705 1178 et
726 1141 847 1178 non
876 1121 1219 1179 hominibus
1231 1163 1255 1191 ,
1282 1121 1385 1178 sed
1402 1124 1527 1199 ipsi
1551 1123 1809 1180 Domino
1831 1128 2238 1198 mentientem,

139 1221 252 1295 qui
272 1218 453 1274 labiis
476 1217 601 1274 sibi
625 1215 776 1272 dicit
796 1215 1027 1272 dimitti
1045 1217 1180 1272 velle
1197 1259 1213 1288 7
1243 1225 1297 1272 et
1324 1217 1493 1274 corde
1517 1216 1666 1273 dicit
1683 1259 1698 1289 7
1724 1238 1855 1294 quoe
1879 1220 2010 1276 sihi
2030 1221 2240 1279 dimit-

141 1322 385 1385 tantur,
409 1332 465 1370 se
489 1312 828 1393 dehita-non
859 1310 1071 1368 habere
1095 1309 1234 1388 (1)?

228 1405 364 1464 180.
415 1406 529 1464 His·
556 1405 820 1483 congruit
848 1404 994 1462 ratio
1019 1448 1035 1479 7
1061 1425 1237 1484 quam
1272 1403 1493 1485 profert
1515 1404 1571 1462 S.
1601 1404 1851 1464 Thomas
1872 1452 1887 1480 7
1914 1407 2059 1466 dum
2103 1409 2183 1467 ait
2221 1433 2235 1468 :

143 1501 282 1561 Non
303 1510 492 1579 potest
509 1501 674 1558 homo
720 1500 1016 1557 abstinere
1039 1500 1117 1556 ab
1156 1503 1326 1556 omni
1335 1510 1574 1577 peccato
1601 1503 1828 1558 veniali
1844 1513 2093 1580 propter
2112 1525 2244 1563 cor-

144 1601 482 1673 ruptionem
510 1596 823 1672 inferioris
861 1598 1160 1671 appetitus
1198 1595 1601 1652 sensualitatis
1623 1639 1638 1667 7
1675 1599 1848 1672 cujus
1887 1607 2080 1655 motus
2114 1603 2245 1657 sin-

138 1693 307 1770 gulos
335 1691 576 1769 quidem
609 1694 766 1748 ratio
795 1692 1120 1768 reprimere
1135 1700 1323 1768 potest
1353 1689 1444 1767 (et
1472 1711 1541 1748 ex
1577 1689 1686 1748 hoc
1708 1690 1924 1750 habent
1959 1694 2247 1754 rationem

143 1786 360 1865 peccati
388 1795 447 1843 et
482 1783 831 1863 voluntarii)
852 1828 867 1857 7
903 1804 1022 1841 non
1048 1794 1251 1842 autem
1272 1804 1462 1841 omnes
1490 1809 1507 1858 ς
1539 1789 1720 1862 quia,
1755 1787 1903 1844 dum
1932 1793 2049 1846 uni
2068 1793 2247 1848 resis-
2344 1805 2348 1813 ²

146 1889 263 1936 tere
306 1881 530 1936 nititur
547 1921 569 1948 ,
605 1882 882 1955 fortassis
915 1879 1074 1935 alius
1101 1881 1369 1956 insurqt't
1394 1901 1416 1943 ;
1451 1889 1506 1935 et
1542 1883 1723 1936 etiam
1760 1885 1909 1957 quia
1946 1888 2101 1940 ratio
2127 1905 2247 1943 non

135 1982 327 2051 potest
353 1994 466 2032 esse
489 1994 718 2052 semper
744 1973 1010 2053 perviyil
1036 1972 1122 2030 ad
1158 1972 1509 2051 hujusmodi
1539 1983 1732 2032 motus
1765 1978 2038 2036 vitandos
2064 1979 2173 2058 (2).

951 2178 1049 2220 DIF
1058 2175 1437 2218 FICULTATES.

237 2345 373 2405 181.
419 2344 548 2423 Obj.
583 2344 787 2425 prima.
831 2344 894 2402 1ο
919 2342 1213 2418 Christus7
1246 2343 1455 2403 Matth.
1489 2346 1558 2419 V7
1586 2345 1664 2404 48
1685 2391 1701 2420 7
1744 2346 1818 2405 ad
1854 2350 2250 2410 omnimodam

153 2463 256 2501 nos
281 2438 694 2523 perfectionem
719 2448 994 2520 provocat
1014 2483 1029 2513 7
1050 2438 1243 2496 dicens
1271 2461 1283 2496 :
1324 2439 1516 2499 Estote
1543 2460 1674 2519 erqo
1693 2445 1975 2519 perfecti,
2001 2450 2159 2503 sicut
2200 2457 2255 2505 et

155 2537 542 2596 Pater‘vester
564 2537 802 2593 coelestis
819 2537 1111 2612 perfectus
1134 2543 1236 2591 est.
1269 2533 1337 2590 20
1363 2535 1549 2606 Quam
1569 2534 1806 2616 quidem
1835 2539 2251 2617 perfectionem

157 2625 379 2690 homini
396 2635 555 2709 justo
583 2627 914 2711 possibilem
940 2649 1060 2687 esse
1083 2627 1375 2708 Scriptura
1398 2628 1612 2711 ubique
1641 2633 1916 2712 supponit
1938 2659 1954 2706 ς
1990 2638 2210 2695 etenim
2230 2683 2246 2712 7

164 2725 194 2782 1
219 2726 388 2784 Joan.
425 2727 491 2799 V7
523 2725 626 2800 18,
654 2723 865 2782 dicitur
890 2745 902 2781 :
941 2724 1152 2782 Omnis
1174 2765 1197 2794 ,
1220 2729 1332 2801 qui
1355 2735 1536 2783 natus
1562 2736 1645 2783 est
1675 2747 1746 2783 eoe
1772 2728 1892 2785 Deo
1914 2773 1929 2802 7
1960 2751 2081 2788 non
2115 2753 2253 2810 pec-

158 2830 282 2893 cat3
318 2829 376 2879 et
399 2821 494 2885 PS·
527 2819 761 2879 CXVIII
782 2864 796 2893 7
840 2819 869 2875 1
905 2840 917 2876 :
952 2820 1130 2877 Beati
1162 2821 1547 2878 immaculati
1567 2824 1638 2878 in
1678 2825 1810 2896 via3
1867 2822 2010 2881 tales
2056 2837 2253 2885 autem

160 2914 378 2974 censeri
391 2925 689 2996 nequeunt
708 2958 724 2988 7
750 2914 847 2996 qui
872 2913 1118 2995 peccatis
1143 2912 1462 2974 venialibus
1481 2936 1540 2973 se
1555 2916 1998 2975 commaculant.
2025 2918 2089 2977 30
2106 2921 2254 2980 Hine

162 3008 329 3068 nobis
361 3008 597 3068 exhibet
628 3009 759 3067 Luc.
810 3011 876 3082 I7
919 3008 994 3080 6,
1037 3007 1369 3067 Zachariam
1397 3019 1455 3079 et
1496 3008 1785 3067 Elisabeth
1830 3012 2153 3078 incedentes
2185 3020 2256 3075 in

158 3105 435 3162 omnibus
486 3105 795 3162 mandatis
841 3113 896 3161 et
926 3104 1472 3181 justificationibus
1514 3105 1771 3162 Domini
1817 3108 1945 3164 sine
1990 3112 2249 3186 querela.

159 3199 225 3258 40
245 3199 489 3260 Ecclesia
505 3202 629 3283 ipsa
651 3202 716 3260 in
734 3200 878 3259 festo
892 3200 954 3258 S.
981 3201 1016 3258 J
1019 3205 1151 3260 oan.‘
1173 3200 1441 3281 Baptistae
1463 3200 1618 3259 canit
1633 3244 1648 3274 7
1680 3200 1872 3282 ipsum
1896 3202 2003 3261 sub
2038 3207 2259 3265 teneris-

159 3295 327 3354 annis
353 3307 520 3374 antra
548 3296 760 3356 deserti
773 3295 1028 3378 petiisse7
1047 3317 1119 3354 ne
1133 3296 1248 3355 levi
1256 3297 1769 3375 possetmaculare
1784 3303 1975 3357 vitam
1995 3305 2253 3365 crimine

226 3497 288 3562 (1)
323 3495 450 3546 Acta
487 3496 676 3548 Concil.
701 3485 937 3569 *Hm-duim
964 3508 1079 3547 tom.
1109 3514 1127 3545 1
1146 3535 1160 3558 ,
1300 3497 1380 3562 (2)
1425 3509 1489 3560 ι’,
1521 3514 1598 3561 2⁶³,
1630 3517 1679 3567 q.
1714 3516 1835 3567 109,
1868 3519 1913 3552 a.
1932 3498 1985 3553 8.
2004 3501 2099 3552 Cfr.
2118 3505 2258 3553 etiam

158 3577 245 3628 sub
262 3579 393 3629 titulo
406 3578 901 3643 ConciliiMilevitani,
920 3579 1012 3630 col.
1039 3578 1167 3629 1218
1249 3588 1339 3630 art.
1367 3595 1419 3645 9.
1744 3584 1746 3586 ’

167 3670 308 3728 etseq.
