2430 4056
474 187 635 228 nar.
682 190 746 228 ιι.
795 189 916 227 οη.
962 187 1027 226 11.
1077 191 1142 227 mr.
1185 168 1623 230 snsnncnionn
1665 191 1826 229 mm.
2072 170 2191 230 235

119 332 278 411 logiae
308 328 502 391 indole
524 329 782 413 superius
808 327 1234 390 adnotavimus,
1272 332 1403 390 Nec*
1422 327 1588 389 obest
1605 376 1620 401 .,
1646 330 1804 412 quod
1830 328 1937 388 hac
1948 329 2192 407 justitia,

120 448 297 507 quam
357 425 598 484 induere
640 422 888 481 dicimur
921 468 936 497 ,
991 436 1226 484 vocetur
1250 428 1506 503 ‚y‘ustitia
1559 426 1715 497 Dei3
1768 424 1871 484 Dei
1915 422 2198 504 siquidem

115 520 336 598 justitia
355 527 720 598 nuncupatur
743 516 963 576 ratione
993 539 1171 578 causae
1195 518 1491 578 efficienti-s
1511 563 1527 592 .,
1552 518 1791 578 minime
1820 539 1957 578 vero
1978 517 2200 577 ratione

122 633 302 672 causae
339 610 608 670 formalis,

205 707 351 777 518.Κ
388 704 520 782 Obj.
557 716 781 785 quarta.
816 706 1026 764 Saltem
1053 706 1123 788 *in
1161 705 1279 764 sola
1319 717 1685 786 peccatorum
1722 707 2058 765 remissione
2093 705 2206 765 col-

123 800 360 860 locanda
405 810 492 858 est
519 799 769 857 formalis
813 821 975 859 causa
1013 799 1428 878 justificationis
1448 845 1463 873 ,
1508 801 1571 856 10
1594 805 1759 877 juxta
1788 800 1849 857 id
1882 799 2035 880 quod
2062 801 2208 880 Apo-

35 925 38 928 ·
125 894 302 954 stolus
341 892 541 967 docet7
586 895 752 952 Rom.
796 895 896 970 lv,
941 893 1020 952 25
1043 938 1057 967 ‚
1085 892 1338 952 scribens
1373 894 1444 952 de
1464 893 1694 951 Christo
1734 915 1747 951 ε
1786 895 1911 972 ραι
1950 895 2210 952 traditus

129 1000 212 1048 est
241 999 488 1069 propte-r
530 991 740 1047 delicta
792 1000 1012 1048 nostra.
1050 986 1319 1069 ‘Ideoque
1369 988 1443 1047 ad
1495 987 1675 1046 solam
1719 998 2086 1068 peccatorum
2125 1009 2212 1046 re-

129 1084 465 1142 missionem
506 1081 899 1142 obtinendam.
944 1084 1013 1141 Et
1062 1083 1436 1141 confirmatur
1471 1104 1541 1142 ex
1575 1084 1598 1141 I
1630 1084 1799 1141 Joan.
1856 1082 1966 1155 111,
2002 1081 2074 1156 87
2113 1080 2216 1138 ubi

20 1203 28 1213 ·
131 1173 338 1237 dicitur
372 1199 387 1235 z
415 1179 494 1237 In
517 1179 618 1238 hoc
651 1181 948 1258 apparuit
974 1179 1172 1236 Filius
1194 1180 1310 1236 Dei
1330 1222 1346 1252 ‚
1369 1188 1437 1235 ut
1455 1179 1746 1236 'dissolvat
1767 1197 1943 1255 opera
1967 1176 2213 1234 diaboli.

131 1273 258 1330 Non
285 1272 394 1331 alia
423 1294 595 1353 porro
621 1273 834 1331 diaboli
853 1293 1025 1354 opera
1047 1283 1183 1330 sunt
1208 1273 1317 1330 nisi
1343 1284 1595 1354 peccata.
1635 1274 1785 1331 Hinc
1812 1273 1860 1329 II
1879 1273 2005 1330 Cor.
2027 1272 2093 1346 V,
2117 1270 2213 1344 19,

131 1369 283 1426 Deus
308 1367 515 1426 dicitur
549 1369 610 1426 in
633 1368 861 1427 Christo
887 1366 1256 1427 reconcilians
1286 1368 1573 1425 mundum
1598 1366 1738 1424 sibi:
1770 1366 1909 1426 Non
1930 1377 2219 1446 reputans

132 1463 255 1520 illis
310 1463 524 1520 delicta
571 1467 874 1541 ipsorum,
912 1483 1124 1543 nempe
1178 1461 1525 1521 dimittendo
1570 1472 1822 1543 peccata.
1875 1464 1942 1517 In
1986 1459 2220 1518 Actibus

120 1576 274 1622 ¹vero
300 1556 499 1637 Apost.
535 1558 703 1630 XIII,
742 1557 817 1616 38
845 1601 862 1631 ,
894 1558 972 1615 sic
1008 1556 1310 1637 Apostolus
1353 1557 1579 1615 Judaeos
1615 1554 2014 1636 alloquebatur
2052 1577 2065 1611 ε
2102 1556 2227 1612 Per

136 1651 296 1708 huno
325 1653 483 1708 vohis
521 1641 785 1709 remissio
814 1662 1195 1730 peccatorum
1234 1655 1679 1721 annuntiatur,
1715 1662 1769 1707 et
1803 1652 1879 1707 ab
1910 1651 2219 1722 omnibu37

136 1746 356 1822 quibus
402 1766 523 1803 non
585 1750 868 1824 potuistis
929 1750 997 1803 in
1060 1748 1174 1825 leye
1235 1747 1433 1824 ,Moysi
1463 1746 1804 1824 justificari
1824 1789 1839 1817 ,
1906 1746 2054 1802 Sane
2104 1765 2225 1800 non

138 1836 295 1894 aliud
336 1849 632 1917 petentem
657 1851 866 1919 praeter
893 1840 1288 1899 remissionem
1328 1852 1692 1919 peccatorum
1728 1838 2107 1897 Publicanum
2142 1838 2228 1894 in-

139 1931 297 1989 ducit
318 1930 606 2006 ChristuS‚
631 1934 765 1990 Luc.
800 1934 981 1990 XVIII
1003 1978 1017 2007 ,
1043 1933 1155 1990 illis
1175 1933 1364 1994 verbis
1392 1957 1405 1990 ε
1432 1936 1898 2011 Deuspropz‘cius
1925 1943 2035 1989 esto
2068 1932 2226 1988 mihi

128 2029 445 2105 peccatori.
481 2025 609 2083 Sola
635 2026 879 2106 proinde
905 2038 1269 2108 peccatorum
1306 2028 1640 2086 remissione
1670 2028 2016 2105 justificatus
2064 2025 2231 2084 exhi-

98 2148 103 2152 ⁷
139 2119 310 2178 betur
351 2140 470 2199 prae
502 2120 769 2180 Phariseo
798 2123 1090 2199 justitiam
1130 2144 1290 2180 suam
1330 2127 1603 2200 jactante.
1650 2123 1715 2179 2⁰
1753 2121 2232 2180 Concludendum

143 2215 314 2293 igitur
332 2260 349 2288 .,
374 2214 694 2275 doctrinam
730 2216 800 2274 de
819 2217 1039 2294 justitia
1063 2217 1385 2276 inhaerente
1408 2228 1466 2276 et
1483 2218 1834 2294 justificante
1864 2237 1988 2275 esse
2006 2216 2234 2274 Christo

142 2309 516 2386 injuriosam,
562 2320 618 2367 et
645 2309 955 2367 humilitati
986 2306 1422 2370 adversantem.

224 2403 361 2461 519.
410 2406 580 2485 Resp.
627 2405 779 2484 Ney.
824 2415 1011 2463 antec.
1054 2405 1144 2464 Ad
1189 2407 1266 2462 1ΠΒ
1298 2400 1526 2486 probat.
1556 2408 1715 2464 Dz'st.
1753 2403 1842 2478 Ad
1873 2415 2236 2485 peccatorum

143 2498 539 2557 remissionem
589 2498 966 2558 obtinendam
1018 2521 1125 2580 per
1172 2500 1352 2580 culpae
1414 2499 1787 2558 abolitionem
1835 2520 1899 2557 ac
1938 2499 2234 2557 mediante

146 2593 406 2651 interiori
451 2594 628 2673 gratia
668 2595 1061 2653 sanctificante
1090 2639 1105 2664 q
1143 2615 1328 2668 conc.;
1371 2594 1443 2653 ad
1466 2595 1658 2674 gratiae
1698 2594 2103 2651 sanctificantis
2146 2614 2240 2651 ex-

147 2685 456 2751 clusionem
475 2732 490 2761 ‚
522 2710 650 2767 nef).
699 2688 910 2747 Eadem
947 2711 1119 2769 porro
1155 2690 1378 2747 ratione
1405 2700 1588 2747 cetera
1610 2733 1626 2762 7
1666 2709 1792 2768 quae
1822 2687 2192 2746 adducuntur
2220 2731 2236 2760 ,

147 2781 472 2838 testimonia
499 2782 837 2863 explicanda
867 2795 1003 2841 sunt
1030 2828 1044 2858 7
1083 2806 1210 2864 quae
1242 2806 1470 2865 semper
1493 2794 1832 2865 supponunt
1863 2782 1985 2840 dari
2031 2782 2239 2840 remis-

148 2875 368 2954 sionem
391 2887 754 2955 peccatorum
768 2882 933 2954 juxta
958 2877 1198 2936 modum
1221 2924 1236 2952 v
1271 2900 1384 2960 quo
1414 2881 1564 2938 Deus
1593 2900 1721 2937 eam
1757 2878 2018 2936 conferre
2041 2876 2244 2933 statuit

149 2979 207 3027 et
235 2990 410 3049 quem
436 2970 739 3050 Scripturae
772 2970 908 3030 alibi
935 2972 1196 3031 tradunt.
1234 2974 1448 3032 Ceteris
1470 2974 1627 3031 enim
1651 2971 1872 3029 omissis
1897 3016 1912 3043 ‚
1945 2991 2243 3051 exponens

151 3063 453 3144 Apostolus
474 3111 490 3138 .‚
536 3065 610 3124 ad
640 3066 852 3126 Coloss,
889 3069 941 3126 11
973 3112 990 3142 ,
1025 3069 1099 3127 13
1126 3114 1142 3144 ,
1173 3069 1462 3150 quomodo
1487 3071 1637 3127 Deus
1675 3078 1905 3147 peccata
1930 3067 2191 3125 remittat
2224 3110 2240 3139 3

151 3157 387 3217 scribit:
434 3161 521 3221 Et
546 3181 807 3220 voscum
845 3167 1072 3222 mortui
1107 3169 1297 3222 essetis
1332 3169 1400 3221 in
1436 3164 1734 3221 delictis..
1776 3182 2245 3221 coNv1v1r1cAv11*

151 3273 291 3310 cum
319 3255 418 3312 illo
432 3297 454 3325 ,
494 3255 723 3343 donans
753 3258 914 3315 vohis
948 3260 1153 3316 omnia
1174 3260 1419 3329 delz'cta3
1454 3268 1512 3315 et
1547 3256 1684 3315 alibi
1720 3257 1959 3342 passim.
1995 3256 2249 3337 Ideoque

153 3370 223 3407 ex
250 3370 317 3407 eo
343 3395 359 3423 7
397 3350 553 3430 quod
585 3373 706 3410 non
730 3374 958 3434 semper
1002 3374 1267 3434 expresse
1292 3353 1484 3411 tradat
1515 3354 1811 3435 Scriptura
1850 3364 2034 3412 totam
2060 3353 2247 3431 justi—

152 3443 431 3502 ficationis
465 3446 704 3523 seriem,
730 3447 992 3506 concludi
1014 3450 1237 3529 nequit,
1268 3450 1461 3509 Sacras
1478 3450 1718 3508 Litteras
1744 3450 1984 3528 gratiam
2008 3448 2249 3506 interio-

153 3558 280 3596 rem
310 3550 369 3597 et
401 3539 780 3604 inhaerentem
815 3564 937 3601 non
972 3543 1274 3624 complecti
1294 3588 1310 3614 .‚
1353 3542 1534 3601 multo
1580 3544 1771 3601 minus
1809 3542 2129 3602 excludere.
2178 3541 2250 3598 Et

155 3631 236 3690 sic
263 3635 558 3715 responsio
578 3646 740 3717 patet
756 3635 831 3696 ad
849 3636 908 3696 id
927 3680 944 3711 ,
965 3637 1132 3719 'quod
1157 3636 1423 3696 subditur
1447 3636 1519 3697 de
1543 3636 1852 3697 Publicano
1871 3681 1888 3713 .,
1913 3656 2085 3718 quem
2108 3653 2255 3716 prae·
