2540 4074
296 171 375 231 46
692 237 695 240 ¹
1042 180 1239 224 TRACT.
1282 183 1351 218 mi
1395 182 1466 217 Gn
1475 178 1625 218 A'rlA.

295 328 491 391 cludat
517 373 533 402 ,
575 325 767 385 dicens
802 344 816 381 :
848 323 1090 400 Semper
1110 340 1292 399 super
1327 323 1533 378 omnia
1571 318 1690 377 Dei
1737 319 2045 375 elementia
2067 318 2384 392 justitiam

294 424 587 486 custodiri
606 445 622 493 ς
669 429 728 478 et
780 415 983 475 clarius
1033 415 1231 493 Epist.
1293 412 1512 472 CXXX
1540 455 1556 485 ,
1619 409 1695 469 ad
1736 408 2165 476 Demetriadem
2220 431 2233 466 ε
2274 410 2384 489 Ip-

294 537 534 595 sumque
575 513 732 592 quod
763 520 1031 569 nostrum
1053 518 1137 565 est
1156 550 1178 577 ,
1229 511 1359 564 sine
1393 507 1512 564 Dea·
1547 508 1924 563 miseratione
1959 515 2227 564 nostrum
2266 525 2386 563 non

295 623 395 672 est.
419 604 799 668 Commendat
815 604 1015 682 *itaque
1036 599 1285 658 liberum
1309 597 1614 657 arbitrium
1636 599 1901 676 adjutum
1928 620 1992 657 ac
2016 609 2390 679 praeventum.
2452 645 2457 648 <

295 728 327 764 a
362 703 555 761 divina
591 699 765 779 gratia
804 698 865 755 in
901 694 1242 754 facilioribus
1265 738 1280 767 ‚
1326 704 1391 751 ut
1430 691 1640 751 deinde
1666 713 1770 773 per
1805 694 2128 752 orationem
2158 692 2383 753 uberio-

296 819 421 857 rem
462 795 702 875 gratiam
730 791 799 850 ad
825 789 1141 849 difficiliora
1166 786 1565 870 persequenda
1600 787 1981 867 impetremus
2003 787 2111 867 (l)

373 891 471 950 90.
522 891 602 948 Ex
641 887 729 946 his
778 896 974 967 patet,
1012 884 1180 963 longe
1220 886 1413 942 Patres
1449 881 1696 940 abfuisse
1731 903 1764 940 a
1793 882 2385 963 Semipelagianorum

294 985 594 1066 pravitate.
634 984 784 1039 Dum
814 1000 946 1038 vero
983 979 1091 1060 ipsi
1125 988 1407 1038 vetustate
1432 997 1530 1035 seu
1572 976 1946 1057 antiquorum
1973 979 2214 1035 Patrum
2259 998 2386 1035 auc-

293 1080 523 1137 toritate
559 1098 617 1134 se
652 1074 999 1146 tuebantur,
1030 1072 1255 1154 decepti
1295 1083 1431 1130 sunt
1455 1093 1525 1130 ex
1546 1069 1842 1129 nonnullis
1865 1069 2232 1129 liberioribus
2259 1071 2383 1128 for-

295 1172 465 1231 mulis
486 1216 501 1245 ,
535 1168 739 1252 quibus
764 1168 847 1226 illi
886 1168 1182 1227 interdum
1203 1164 1306 1225 ‘usi
1341 1177 1537 1242 erant,
1573 1176 1748 1247 prout
1775 1165 2080 1238 usuvenit,
2116 1164 2385 1224 nondum

299 1267 543 1327 excitata
585 1263 899 1345 quaestione
921 1307 938 1336 ‚
980 1283 1044 1320 ac
1073 1260 1316 1342 proinde
1352 1259 1615 1318 nondum
1654 1259 2013 1339 technologia
2051 1260 2384 1319 constituta.

296 1359 524 1421 Accedit
558 1403 575 1434 ,
622 1360 812 1416 Patres
855 1357 1202 1438 antiquiores
1245 1356 1516 1414 dimicare
1559 1353 1823 1414 debuisse
1879 1355 2153 1414 adversus
2197 1376 2385 1434 oppo-
2420 1365 2425 1369 ⁴

294 1460 467 1513 situm
515 1473 767 1511 errorem
811 1473 916 1533 pro
952 1450 1251 1525 libertate,
1298 1471 1473 1531 quam
1522 1449 1946 1530 impugnabant
1995 1450 2381 1522 Marcionita-3,

294 1547 625 1619 Manichaei,
654 1545 859 1626 aliique
890 1550 1008 1622 ejus
1041 1544 1631 1624 temporishaeretici3
1664 1544 1748 1602 nil
1787 1545 1999 1602 mirum
2035 1555 2381 1625 propterea,

297 1642 344 1699 si
365 1641 680 1699 locutiones
706 1641 893 1697 minus
910 1649 1196 1696 accuratas
1219 1638 1514 1696 interdum
1535 1650 1923 1719 usurparunt,
1952 1639 2161 1719 quibus
2187 1650 2384 1718 postea

293 1734 726 1815 Semipelagiani
762 1732 924 1790 abusi
961 1743 1117 1790 sunt.
1155 1733 1304 1791 Hinc
1332 1744 1486 1791 recte
1516 1734 1570 1791 S.
1617 1734 1966 1813 Augustinus
2005 1733 2081 1792 ad
2117 1745 2386 1815 expostu-

292 1829 564 1887 lationem
596 1828 702 1886 sihi
737 1850 768 1886 a
801 1830 855 1886 S.
885 1830 1163 1908 Prospero
1199 1828 1557 1908 propositam
1597 1828 1898 1909 respondit
1938 1851 1951 1885 z
1995 1829 2162 1907 Quid
2192 1833 2389 1907 cyz'tur

293 1944 436 2002 opus
472 1933 552 1981 est
566 1966 586 1993 ,
616 1933 688 1980 ut
713 1943 918 1981 eorum
950 1932 1290 1980 scrutemur
1321 1924 1604 2000 opuscula
1632 1965 1652 1992 ,
1692 1928 1804 2000 qui
1826 1968 1849 1995 ‚1
1863 1928 2238 2002 priusquam
2269 1926 2388 1980 ista

294 2019 523 2075 hoeresis
564 2021 853 2088 oriretur,
895 2037 1015 2073 non
1069 2016 1413 2073 habuerunt
1464 2022 1856 2075 necessitatem
1894 2020 1964 2075 in
2005 2018 2116 2074 kae
2158 2018 2392 2094 difficili

289 2113 376 2170 ad
397 2113 723 2169 solvendum
755 2115 1069 2189 quaestione
1102 2110 1375 2169 versari?
1410 2111 1581 2189 Quod
1603 2113 1824 2190 procul
1855 2113 2039 2169 dubio
2069 2115 2341 2189 facerent
2361 2153 2383 2181 ,

291 2211 350 2263 si
378 2207 714 2284 respondere
744 2207 966 2263 talibus
989 2215 1331 2284 eoqerentur
1357 2205 1463 2284 (2).
1496 2207 1645 2264 Sane
1672 2206 1781 2286 ipsi
1809 2227 1943 2263 cum
1978 2206 2250 2265 universa
2281 2205 2381 2265 Ec-

292 2298 456 2357 clesia
495 2299 734 2357 orabant
770 2321 875 2380 pro
904 2299 1226 2358 infidelium
1250 2300 1623 2359 conversione
1643 2345 1659 2375 ‚
1694 2322 1758 2358 ac
1780 2311 2088 2382 propterea
2116 2299 2227 2359 hoc
2254 2300 2379 2380 ipso

292 2393 618 2452 fatebantur
644 2439 659 2468 ,
686 2394 860 2453 fidem
892 2415 954 2452 ac
989 2393 1121 2452 fidei
1153 2394 1382 2452 initium
1405 2394 1557 2453 dona
1594 2396 1698 2454 Dei
1728 2416 1867 2454 esse.
1910 2397 2097 2476 Atque
2140 2394 2246 2453 hac
2281 2415 2378 2453 ra-

293 2487 451 2545 tione
487 2489 695 2569 exponi
722 2488 936 2548 debent
973 2488 1255 2547 nonnulla
1297 2490 1352 2547 S.
1386 2491 1555 2548 Joan.
1599 2489 1993 2570 Chrysostomi
2028 2489 2199 2549 effata
2248 2488 2383 2548 alio-

297 2603 540 2662 rumque
563 2627 578 2655 ,
617 2605 743 2663 quae
774 2584 1170 2644 difficultatem
1197 2585 1470 2644 facessere
1504 2585 1778 2646 videntur
1807 2586 1917 2668 (3).

374 2676 467 2735 91.
515 2678 739 2735 Etenim
776 2679 832 2735 S.
870 2680 1036 2737 Joan.
1080 2679 1517 2759 Chrysostomus
1545 2725 1562 2755 7
1601 2680 1675 2739 de
1714 2685 1871 2759 cujus
1907 2691 2107 2740 mente
2151 2679 2226 2739 ob
2271 2680 2382 2742 viri

361 2878 426 2939 (l)
463 2877 555 2925 Cfr.
585 2877 779 2926 Vallars.
802 2879 851 2926 in
870 2889 963 2926 not.
997 2878 1054 2940 (b)
1086 2882 1134 2927 in
1164 2881 1290 2928 hunc
1372 2882 1488 2930 dum
1516 2892 1663 2947 partes
1691 2892 1869 2932 nostras
1893 2884 2160 2948 implemus.

296 2956 385 3004 loc.
423 2976 475 3005 ac
504 2976 684 3006 rursum
714 2960 830 3008 ibid.
861 2978 909 3007 n.
946 2976 1001 3007 10
1023 2997 1035 3018 ‚
1076 2971 1165 3008 not.
1198 2963 1287 3025 (a).
1441 2964 1503 3027 (2)
1540 2964 1648 3013 Lib.
1684 2961 1753 3012 De
1780 2964 2007 3030 proedest.
2058 2965 2378 3026 Sanctorum,

299 3036 493 3085 Adnotat
514 3057 644 3102 porro
663 3041 807 3088 editor
824 3077 837 3101 ‚
864 3042 1004 3090 fuisse
1033 3052 1144 3090 tunc
1172 3053 1288 3090 tem-
1372 3060 1471 3109 cap.
1512 3042 1571 3107 14
1591 3083 1603 3105 ‚
1631 3064 1684 3095 n.
1717 3061 1804 3111 27.
2291 3085 2295 3088 -

298 3119 416 3181 poris
433 3119 806 3183 quoddamveluti
823 3122 1212 3187 proverbium:V
1207 3123 1290 3171 elle
1442 3124 1504 3190 (3)
1540 3125 1638 3176 Cfr.
1689 3126 1871 3176 Isaacus
1914 3127 2089 3178 Habert
2111 3167 2125 3190 ,
2174 3148 2252 3195 op.
2300 3134 2380 3179 cit.

297 3206 508 3245 nostrum
541 3208 624 3247 est.
657 3199 831 3266 Nempe
867 3204 1024 3252 eadem
1052 3205 1193 3253 ferme
1221 3223 1294 3253 ra·
1372 3207 1458 3255 lib.
1496 3224 1546 3267 1,
1582 3225 1683 3273 cap.
1725 3225 1753 3256 2
1792 3220 1838 3256 et
1873 3226 2005 3276 seqq.
2039 3212 2192 3277 quoad
2223 3213 2379 3262 Patres

297 3280 420 3325 tione
459 3297 512 3326 ac
546 3279 760 3346 adagium
793 3283 906 3330 illud
941 3286 1062 3349 apud
1098 3302 1180 3334 nos
1216 3286 1290 3334 ob·
1375 3287 1592 3352 Graecos3
1639 3290 1792 3355 quoad
1830 3290 1882 3339 S.
1930 3291 2159 3341 Hilarium
2189 3331 2203 3354 ‚
2245 3295 2381 3359 cujus

298 3360 411 3406 tinet
444 3376 457 3405 :
492 3358 591 3407 Dio
628 3361 732 3408 dice
771 3379 784 3410 ε
816 3364 990 3428 ajutati
1007 3402 1019 3426 ‚
1064 3365 1146 3413 che
1176 3368 1225 3414 io
1253 3369 1295 3415 ti
1374 3369 1636 3418 duriuscule
1663 3371 1783 3419 dicta
1812 3372 1952 3438 objici
1982 3375 2158 3436 solent,
2193 3375 2277 3423 cfr.
2314 3374 2378 3424 D.

293 3440 427 3504 ajuto
443 3456 464 3500 ;
500 3437 623 3504 apud
655 3440 805 3490 Gallos
849 3461 952 3492 vero
990 3460 1003 3492 t
1041 3445 1261 3494 Aide-toi
1273 3482 1290 3507 ‚
1374 3447 1608 3497 Constant.
1635 3452 1686 3498 in
1712 3453 1973 3516 praefatione
1991 3456 2050 3503 ad
2078 3473 2217 3522 opera
2240 3457 2381 3522 hujus

296 3518 340 3567 le
367 3518 459 3567 ciel
483 3520 698 3571 t'aidera.
730 3521 904 3587 Quibus
930 3525 1079 3575 verbis
1107 3545 1202 3577 nou
1229 3531 1293 3576 in·
1376 3528 1424 3577 S.
1458 3528 1599 3579 Patris
1616 3567 1631 3592 ,
1662 3529 1689 3597 g
1715 3547 1749 3597 9
1769 3569 1783 3594 ,
1812 3551 1860 3582 n.
1891 3533 1990 3603 259
2021 3547 2070 3602 et
2090 3555 2221 3604 seqq.

297 3600 533 3649 tendimus
548 3602 783 3653 excludere
802 3604 1010 3654 divinum
1038 3608 1258 3657 auxilium
1274 3645 1290 3671 ,
