2430 4056
514 190 666 232 PART.
712 191 773 228 11.
822 189 942 230 cu.
992 191 1056 226 11.
1084 192 1171 227 vne
1215 192 1651 232 susus-lenione
1693 193 1856 231 nuru.
1917 249 1919 251 y
2100 175 2216 234 247

146 339 340 388 autem
371 340 647 410 tanquam
672 327 744 387 de
783 329 1192 407 dispositione,
1225 352 1355 412 quae
1384 341 1598 391 ceteras
1623 330 1901 392 includat.
1938 333 2124 414 Atque
2149 334 2221 395 ad
2234 383 2241 390 Α.

143 423 396 503 primum
419 422 576 503 quod
606 421 814 481 attinet
833 466 848 495 .,
881 423 940 480 1ο
966 435 1102 482 nota
1131 436 1268 484 sunt
1290 425 1550 506 Apostoli
1581 425 1758 487 verba
1776 471 1792 500 ,
1824 428 1990 485 Rom.
2015 427 2068 501 Ι,
2098 426 2170 485 16
2202 451 2241 489 zr-

137 517 199 579 E
200 519 535 597 vanyelium
559 519 752 575 virtus
778 517 896 576 Dei
916 528 1000 576 est
1032 523 1101 577 in
1141 525 1389 578 salutem
1430 524 1598 578 omni
1624 521 1889 579 credenti
1907 564 1930 593 ,
1966 525 2223 598 justitia

137 613 298 668 enim
340 613 460 672 Dei
491 615 562 668 in
600 631 661 668 eo
688 613 980 670 revelatur
1009 634 1079 672 θα]
1092 614 1208 690 fi'de
1238 618 1307 672 in
1341 615 1544 693 fidem3
1590 636 1721 693 ergo
1757 637 1878 673 non
1911 636 1980 675 ex
2020 617 2132 695 fide
2155 619 2225 675 in

138 723 309 780 opera
325 747 340 777 ,
366 723 491 784 quae
513 724 723 784 nempe
736 703 876 764 fides
897 705 1151 765 inchoet.
1181 707 1247 763 20
1273 706 1491 766 Eodem
1513 729 1683 768 sensu
1706 707 1937 782 dicitur,
1956 708 2224 767 Habacuc

139 797 221 870 IIS,
253 795 291 854 l·
331 817 347 854 τ
383 798 694 856 Juscus-esc
711 799 828 875 fide
862 804 1011 857 vivit
1034 824 1051 872 ς
1076 820 1217 878 >ergo
1255 800 1400 860 fides
1421 845 1438 873 ‚
1475 811 1535 860 et
1572 800 1807 881 quidem
1844 801 1962 860 sola
1998 802 2180 861 vitam
2204 847 2221 876 ,

46 914 49 917 ’
138 908 311 970 quam
336 888 666 964 inchoavit,
702 893 1019 951 continuat.
1057 891 1122 951 30
1153 894 1304 953 Sane
1342 893 1631 952 Abraham
1662 938 1679 966 ,
1718 915 1851 954 cum
1885 895 2111 954 dictum
2136 907 2225 954 est

135 983 210 1042 de
238 1004 305 1042 eo
325 1028 341 1058 ,
372 985 514 1043 Gen.
549 986 648 1043 XV
681 1031 696 1060 ,
734 986 770 1044 6
804 1007 817 1043 :
856 987 1124 1046 Credidit
1152 988 1470 1046 Abraham
1507 989 1628 1047 Deo
1652 1031 1669 1060 ‚
1694 999 1748 1045 et
1774 999 2122 1067 reputatum
2144 1000 2229 1048 esc

134 1079 232 1135 illi
252 1080 662 1156 adjustitiam
685 1125 700 1153 ,
735 1081 983 1141 novitius
1009 1102 1128 1139 non
1153 1091 1276 1140 erat
1302 1127 1318 1156 7
1359 1082 1462 1141 sed
1492 1082 1809 1141 sanctitatis
1849 1083 2225 1163 omniumque

135 1172 417 1231 virtutum
457 1174 788 1255 exemplam
836 1196 968 1254 ergo
1003 1196 1125 1233 non
1170 1175 1222 1234 ei
1264 1176 1489 1234 aditum
1530 1175 1603 1234 ad
1637 1176 1921 1255 justitiam
1957 1177 2226 1257 patefecit

134 1264 308 1340 fides,
341 1277 407 1324 ut
435 1265 667 1326 aliunde
702 1278 901 1348 postea
933 1269 1266 1346 justificatio
1301 1269 1706 1350 compleretur.
1748 1269 1806 1327 4⁰
1844 1271 1995 1343 Quin
2036 1271 2224 1350 potius

135 1380 308 1440 opera
329 1403 344 1432 ,
365 1380 492 1440 quae
514 1360 648 1420 fidei
663 1363 1116 1441 superveniunt,
1146 1384 1178 1421 a
1196 1364 1603 1441 justificatione
1629 1364 1867 1423 exclusit
1889 1364 2219 1444 Apostolus,

136 1453 270 1534 qui,
306 1452 548 1533 loquens
583 1454 656 1513 de
689 1455 975 1514 Abraham
1014 1460 1138 1533 jam
1172 1456 1444 1517 credente
1465 1503 1480 1531 ,
1530 1456 1696 1516 Rom.
1737 1460 1844 1531 IV,
1876 1458 1950 1531 25
1995 1459 2074 1515 ait
2111 1480 2124 1515 2
2154 1460 2226 1515 Si

124 1538 303 1621 enim
339 1549 655 1607 Abraham
681 1571 751 1607 ecc
778 1553 1055 1629 operibus
1073 1554 1438 1631 justificatus
1475 1563 1555 1610 est
1573 1597 1588 1626 ,
1618 1553 1793 1611 hahet
1815 1556 2072 1632 gloriam
2090 1596 2105 1624 a
2129 1552 2230 1609 sed

135 1662 255 1699 non
288 1643 454 1719 apud
473 1644 689 1701 Deum.
736 1643 848 1702 Sed
868 1688 884 1719 ‚
925 1644 1024 1702 ubi
1057 1644 1302 1724 analysis
1329 1645 1754 1723 justificationis
1778 1646 2133 1719 instituetur,
2164 1643 2227 1701 id

135 1735 315 1813 magis
351 1737 606 1816 patefiet.
636 1737 700 1794 50
723 1737 1016 1818 Siquidem
1051 1740 1213 1819 prius
1247 1751 1333 1798 est
1358 1740 1421 1797 in
1460 1739 1625 1798 nobis
1644 1740 1973 1817 justificatio
1997 1783 2012 1810 ,
2043 1760 2218 1818 quam

136 1826 381 1886 charitas
404 1873 420 1901 ‚
462 1850 587 1908 quae
627 1842 714 1889 est
748 1831 1036 1890 bonorum
1079 1855 1320 1913 operum
1345 1835 1578 1891 initium
1599 1879 1614 1907 7
1670 1833 1895 1892 dicente
1941 1834 2166 1890 Joanne
2196 1877 2213 1906 ,

137 1921 162 1978 I
201 1921 360 2001 Epist
392 1923 489 1995 IV,
521 1923 592 1980 10
627 1944 639 1979 :
665 1923 806 1981 Non
830 1930 1011 2001 quasi
1041 1947 1144 1983 nos
1166 1927 1552 1984 dileoeerimus
1572 1928 1801 1998 Deumg
1829 1928 2227 2003 sedquoniam

136 2021 259 2095 ipse
297 2023 480 2095 prior
532 2019 744 2075 dilexit
797 2041 920 2076 nos.
985 2021 1161 2077 Porro
1216 2022 1368 2079 Deus
1420 2042 1527 2077 nos
1580 2020 1868 2098 diligendo
1925 2020 2222 2095 justificat..

97 2137 103 2140 ⁴
138 2110 225 2189 Ad
268 2111 513 2169 alterum
550 2133 685 2171 vero
730 2112 889 2193 quod
936 2123 1158 2193 spectat
1191 2158 1206 2187 7
1243 2113 1405 2171 facile
1451 2113 1768 2185 evincitur,
1810 2113 1979 2193 quia7
2023 2113 2067 2170 si
2090 2111 2230 2170 fides

132 2205 484 2264 ac‘virtutes
518 2204 752 2285 reliquae
791 2216 1071 2285 tanquam
1122 2206 1525 2286 dispositiones
1574 2206 1636 2263 in
1672 2207 1907 2264 homine
1960 2207 2222 2285 require-

135 2307 339 2354 rentur
368 2297 440 2355 ad
459 2298 929 2374 justificationem
949 2343 963 2372 7
1007 2300 1071 2356 60
1100 2299 1191 2357 his
1234 2298 1703 2379 dispositionibus
1734 2298 2043 2356 tribuenda
2075 2308 2224 2356 esset

137 2376 502 2468 justificatiog
528 2403 786 2450 attamen
814 2392 1137 2450 Concilium
1161 2393 1572 2451 Arausicanum
1592 2391 1855 2452 definivit
1885 2414 1898 2449 ε
1939 2392 2014 2450 Ut
2040 2413 2077 2448 a
2090 2411 2230 2468 pec-

136 2476 263 2543 cato
306 2507 640 2564 puryemur
659 2529 680 2557 ,
733 2477 920 2545 Deus'
946 2493 1308 2546 voluntatem
1346 2498 1611 2544 nostram
1648 2507 1767 2543 non
1811 2496 2073 2564 empectat
2112 2485 2221 2563 (1).

139 2579 205 2637 70
230 2578 426 2638 Plures
450 2579 634 2660 reipsa
663 2580 918 2660 quotidie
936 2581 1325 2657 justificantur
1357 2579 1571 2661 absque
1615 2580 1733 2638 ulla
1766 2601 1881 2638 suae
1911 2578 2227 2640 voluntatis

141 2673 572 2753 cooperatione,
621 2685 687 2731 ut
717 2685 1006 2747 amenteS‚
1039 2674 1236 2733 lethali
1276 2674 1479 2733 morbo
1520 2674 1803 2753 correpti,
1832 2674 2104 2754 omnique
2146 2694 2233 2731 ra-

141 2766 312 2824 tionis
354 2788 459 2824 usu
505 2766 815 2840 destituti,
860 2768 1067 2849 quibus
1110 2772 1479 2828 Sacramenta
1522 2768 2022 2827 administrantur.
2071 2768 2234 2844 Ergo,

227 2860 364 2919 539.
405 2862 577 2942 Hesp.
622 2863 771 2942 Ney.
820 2875 946 2922 anti.
986 2864 1074 2923 Ad
1111 2864 1188 2921 lm
1234 2863 1402 2945 prob.
1456 2865 1613 2921 Disc.
1666 2861 1974 2922 Revelatur
2009 2860 2234 2938 justitia

144 2955 248 3013 Dei
274 2976 344 3014 ex
378 2954 493 3014 fide
530 2955 795 3015 inchoata
825 2969 883 3016 et
925 2958 1259 3039 imperfecta
1289 2959 1353 3016 in
1385 2957 1560 3015 fidem
1591 2957 1905 3037 perfectam
1944 2966 2002 3012 et
2041 2954 2236 3012 chari-

141 3058 268 3114 tate
305 3048 645 3124 formatam,
689 3072 877 3124 conc.;
922 3073 992 3110 ex
1032 3051 1145 3111 fide
1187 3052 1457 3110 in‘fidem
1497 3051 1621 3108 sine
1661 3049 1939 3108 charitate
1966 3069 2028 3106 ac
2065 3047 2234 3106 bonis

149 3141 422 3223 operibus
441 3188 457 3216 ‚
479 3166 608 3224 περ.
634 3145 740 3204 Hic
757 3146 914 3204 enim
938 3147 1220 3226 posterior
1242 3167 1443 3207 sensus
1468 3143 1793 3203 excluditur
1806 3164 1910 3225 per
1924 3164 1988 3202 ea
2005 3143 2198 3201 omnia
2219 3187 2237 3216 .,

152 3257 280 3317 quae
315 3239 575 3318 superius
595 3239 946 3299 adduximus
975 3238 1080 3319 (2).

218 3437 293 3502 (1)
324 3437 435 3505 Cap.
458 3456 521 3489 ιν.
1229 3441 1532 3490 Protestantes
1567 3441 1734 3504 passim
1775 3449 2035 3488 acesserunt
2082 3439 2138 3487 ad
2169 3455 2244 3488 ca-

224 3520 288 3586 (2)
325 3520 424 3569 cfr.
448 3521 666 3570 Bellarm.
694 3521 948 3588 DeJ'ustif.
985 3523 1142 3584 lib..1‚
1227 3522 1446 3572 thelicam
1479 3521 1655 3587 explica
1668 3523 1845 3570 tionem
1875 3521 1983 3570 fidei
2018 3521 2130 3568 vivae
2165 3536 2245 3568 seu

155 3619 255 3667 cap.
303 3603 383 3651 20'.
417 3602 661 3653 Postremis
703 3603 828 3652 hisce
872 3594 1150 3670 temporibus
1232 3603 1434 3652 formatae
1461 3640 1475 3663 ‚
1538 3613 1591 3651 ut
1633 3602 1837 3653 conferat
1885 3602 1942 3652 ad
1972 3599 2249 3666 justificatio-
