2430 4056
885 202 1020 241 mus
1063 202 1147 239 111.
1196 204 1262 239 nn
1305 202 1524 241 uum'ro.
1925 210 1929 215 v
2105 179 2222 239 283

148 342 254 402 sibi
290 353 443 403 certo
468 364 533 402 ac
577 341 650 401 de
672 339 784 400 fide
819 338 1163 422 pollicentur
1187 385 1204 418 ‚
1241 363 1362 400 non
1377 338 1740 399 obstantibus
1767 335 2226 419 quibuscumque

150 436 456 496 sceleribus
484 437 595 515 (l).

230 531 369 588 622.
416 528 549 588 Tale
584 538 670 587 est
711 538 957 606 systema
986 528 1478 602 Lutheranorum7
1512 526 1957 586 Calvinistarum
1978 569 1994 598 ‚
2034 523 2229 584 Zwin-

152 623 469 704 glianorum
493 666 510 698 ,
550 620 904 702 aliarumque
937 633 1219 680 sectarum
1240 667 1254 695 ,
1290 642 1413 702 quae
1450 620 1520 679 ab
1558 620 1668 678 illis
1704 619 2140 701 profluxerunt,
2183 617 2230 675 si

152 717 399 798 excipias
440 713 814 773 accidentales
855 715 1165 773 nonnullas
1199 715 1652 774 modificationes
1684 757 1699 786 ‚
1743 734 1883 793 quas
1918 713 1981 770 in
2026 733 2092 770 eo
2128 732 2231 770 ex-

86 835 88 840 ·
148 808 418 891 ponendo
468 819 801 867 tenuerunt.
849 807 1131 868 Nonnulli
1178 808 1412 890 quidem
1455 809 1560 869 visi
1608 818 1742 865 sunt
1784 808 2030 886 systema
2075 804 2232 863 istud

151 914 473 983 temperare
505 901 609 981 (2).
638 903 737 961 Ast
762 902 1004 975 frustra3
1045 903 1261 960 etenim
1282 946 1297 975 ,
1326 912 1713 983 praeterquam
1742 899 1898 979 quod
1929 899 2232 980 expulsum

151 1007 237 1056 est
263 1017 382 1054 non
410 994 623 1076 absque
650 996 944 1077 stomacho
979 1007 1038 1055 et
1064 996 1460 1075 indignatione
1501 993 1781 1073 ejusmodi
1811 1005 2234 1074 temperamen-

149 1101 277 1149 tum
315 1083 345 1149 a
378 1091 579 1148 ceteris
623 1091 910 1164 sectariis,
958 1085 1201 1149 emolliri
1241 1111 1304 1149 ac
1344 1090 1546 1169 corrigi
1583 1088 1842 1147 doctrina
1879 1089 2234 1147 Novatorum

146 1185 297 1243 circa
321 1183 610 1243 bonorum
648 1207 888 1266 operum
913 1186 1188 1244 meritum
1208 1186 1410 1265 nequit
1431 1231 1445 1258 7
1476 1186 1617 1265 quin
1647 1196 1836 1242 totum
1861 1181 2235 1242 labefactetur

152 1289 400 1358 systema
434 1299 466 1337 a
493 1279 607 1337 suis
639 1278 1062 1353 fundamenti83
1095 1280 1173 1337 ita
1213 1279 1491 1359 siquidem
1530 1290 1723 1360 partes
1761 1299 1959 1336 omnes
1999 1279 2152 1335 inter
2175 1297 2235 1335 se

153 1371 428 1453 copulatae
477 1384 648 1453 atque
687 1374 937 1433 invicem
971 1384 1108 1432 sunt
1146 1394 1414 1433 connexae
1436 1418 1451 1448 ‚
1489 1385 1556 1431 ut
1593 1372 1751 1430 nulla
1789 1372 2014 1431 detrahi
2057 1371 2236 1452 possit

157 1464 373 1547 absque
398 1466 699 1525 manifesta
726 1467 1129 1527 incoliaerentia
1168 1468 1273 1548 (3).

235 1561 372 1619 623.
420 1564 535 1619 Nos
594 1562 765 1640 igitur
823 1574 890 1622 ut
953 1562 1308 1623 vindicemus
1377 1561 1713 1620 catholicam
1745 1562 1749 1566 ’
1778 1560 2100 1619 doctrinam
2165 1558 2238 1618 de

153 1655 361 1714 merito
390 1701 405 1730 ‚
453 1656 757 1737 praemissis
807 1661 926 1734 ejus
970 1655 1336 1731 notionibuS,
1375 1657 1812 1738 progrediemur
1857 1654 1930 1713 ad
1981 1653 2235 1732 ejusdem

151 1750 345 1807 meriti
375 1751 738 1809 existentiam
767 1750 1174 1809 adstruendam
1196 1750 1467 1809 adversus
1497 1753 1844 1823 Novatores;
1871 1749 2084 1809 deinde
2107 1770 2234 1806 con-

151 1841 393 1925 ditiones
420 1889 435 1918 .,
484 1866 610 1924 quae
652 1846 726 1903 ad
768 1846 1041 1903 meritum
1087 1846 1459 1926 requiruntur
1503 1864 1895 1925 exponemus3
1939 1854 2236 1924 postremo

150 1935 542 2016 expendemus
577 1959 641 1996 ea
662 1983 676 2011 ,
712 1959 839 2018 quae
867 1940 1059 2006 meriti
1089 1938 1379 2016 objectum
1408 1939 1788 1997 constituunt.

222 2165 295 2228 (l)
328 2166 426 2214 err.
470 2165 634 2213 Becan.
669 2183 744 2229 op.
788 2169 866 2214 cit.
907 2183 1007 2231 cap.
1051 2164 1109 2213 16
1130 2203 1142 2225 ‚
1230 2177 1409 2215 tantum
1439 2167 1605 2216 dicitur
1638 2186 1650 2215 :
1685 2167 1808 2215 Hoeo
1850 2170 1958 2233 ipsa
1988 2168 2105 2233 leqis
2146 2171 2238 2217 im-

153 2258 292 2312 quaest
322 2263 371 2293 111
392 2283 404 2306 ‚
441 2265 489 2294 n.
522 2246 567 2294 3.
1220 2247 1395 2310 plotio,
1427 2265 1532 2311 quoe
1573 2251 1790 2311 sequitur
1840 2252 2196 2297 renovationem
2219 2289 2233 2311 ‚

220 2327 285 2389 (2)
315 2323 468 2375 Plures
490 2343 635 2374 causae
659 2325 908 2376 effecerunt
928 2363 940 2385 ‚
971 2337 1021 2374 ut
1035 2326 1146 2374 Pro·
1228 2336 1295 2376 est
1312 2330 1483 2392 exiqua
1506 2337 1547 2375 et
1561 2330 1810 2377 immunda
1829 2348 1842 2393 3
1861 2329 1887 2395 ξ
1903 2327 1968 2392 46
1983 2368 1996 2391 ,
2016 2349 2114 2395 pag.
2134 2329 2202 2380 88
2222 2349 2236 2379 :

151 2418 361 2455 testantes
391 2408 611 2472 paulatim
646 2407 926 2456 ab-absurda
957 2425 1011 2455 ac
1042 2425 1146 2472 per·
1227 2409 1295 2456 In
1323 2409 1412 2457 hae
1444 2411 1543 2457 vita
1584 2427 1680 2458 non
1701 2427 1954 2476 possumus
1984 2412 2074 2477 leqi
2102 2415 2242 2461 satis-

151 2491 321 2537 niciosa
343 2488 570 2554 ejusmodi
606 2491 806 2537 doctrina
833 2488 1098 2537 recederent
1124 2525 1138 2549 ,
1219 2498 1394 2554 jacere.
1430 2495 1579 2558 Atque
1630 2495 1690 2540 ita
1726 2493 2022 2542 conciliantur
2051 2495 2237 2543 diversae

152 2571 495 2635 impossibilitas
523 2588 688 2634 nempe
729 2588 827 2617 eam
870 2571 1146 2618 conciliandi
1228 2573 1437 2620 formulae
1464 2609 1477 2633 ‚
1499 2574 1667 2639 quibus
1688 2573 1989 2624 protestantes
2014 2576 2139 2624 huno
2167 2594 2239 2625 ar-

153 2668 260 2700 cum
273 2651 521 2716 Scriptura,
540 2654 762 2716 pessimus
780 2652 999 2712 influxus,
1018 2671 1156 2718 quem
1244 2654 1444 2702 ticulum
1462 2672 1714 2719 proponere
1730 2655 1898 2704 solent.

153 2734 203 2779 in
221 2735 428 2803 sectarios
460 2733 728 2793 exercebat,
767 2734 1044 2799 objectiones
1079 2735 1157 2783 de·
1307 2734 1375 2801 (3)
1412 2734 1511 2784 cfr.
1541 2736 1748 2785 Moehler
1768 2775 1781 2799 ,
1815 2754 1893 2802 op.
1939 2740 2017 2787 cit.
2051 2747 2160 2786 tom.
2188 2754 2236 2797 ι,

155 2830 284 2860 mum
317 2809 682 2861 catholicorum.
706 2814 828 2861 Hinc
849 2817 899 2862 in
926 2813 1074 2880 Apol.
1091 2832 1154 2877 iv,
1242 2833 1345 2883 pag.
1387 2814 1486 2881 244
1507 2827 1552 2866 et
1579 2836 1704 2884 seqq.

154 2891 226 2942 De
247 2892 402 2942 dilect.
421 2901 466 2941 et
479 2888 660 2961 implet.
681 2888 814 2959 Iegis,
834 2892 951 2962 §5o,
968 2912 1127 2963 pag-9¹
1136 2933 1153 2960 ‚
