2430 4056
181 159 315 242 264

961 172 1155 211 TRAGT.
1203 173 1273 210 DE
1313 174 1535 214 GRATIA-

201 326 395 407 ipsum
421 319 666 382 avellere
703 337 735 374 a
774 314 879 374 Dei
910 312 1254 386 dilectione3
1285 334 1355 372 eo
1377 315 1560 383 ferme
1586 337 1759 391 sensu
1787 358 1804 389 ,
1835 335 1950 397 quo
1972 320 2096 394 jam
2133 318 2196 377 in
2223 342 2289 381 ea

201 417 380 479 ‘verba
404 412 701 474 Psalmista
728 419 1074 490 proruperat
1105 429 1118 464 :
1148 407 1276 486 E90
1303 408 1442 467 dimi
1454 414 1528 492 „in
1555 407 1938 470 abundantia
1961 432 2092 470 mea
2121 437 2139 470 .-
2169 433 2291 472 non

203 512 470 572 movebor
489 512 558 565 in
587 516 874 563 aeternum
903 502 1126 581 (1).Ex
1154 521 1267 581 quo
1290 511 1452 581 patet
1470 546 1487 575 ,
1517 502 1609 562 hic
1632 505 1985 584 magnificari
2019 505 2080 562 in
2105 507 2292 566 Deum

123 654 126 659 .
205 605 468 665 fiduciam
510 601 571 658 in
606 609 899 680 posterum
928 641 944 668 .‚
982 595 1274 674 arguendo
1319 616 1389 653 ex
1429 599 1732 675 praeteritis
1768 598 1873 680 (2).
1921 598 2088 658 Unde
2122 601 2292 678 igitur

203 697 483 759 certitudo
533 705 591 753 et
617 695 892 752 securitas
932 690 1383 749 protestantium
1421 689 1494 748 de
1534 697 1788 752 assecuta
1829 694 2292 772 justificatione?

281 792 416 850 579.
464 787 551 848 Ad
583 789 691 862 2¹¹²,
731 790 887 846 Dist.
932 785 1172 844 Certum
1209 796 1295 843 est
1327 795 1385 843 et
1421 783 1720 845 infallibile
1758 789 2001 868 Spiritus
2039 791 2096 848 S.
2127 790 2294 848 testi-

201 885 463 944 monium
486 885 547 942 in
577 905 636 942 se
657 925 675 958 ‚
700 902 888 953 conc.;
920 889 1185 960 respectu
1212 879 1394 937 nostri
1414 925 1430 954 ⁷
1463 901 1588 960 neq.
1619 881 1914 951 Quatenus
1941 885 2099 942 enim
2125 883 2292 942 nobis

201 979 508 1040 exhibetur
541 1024 556 1052 ‚
593 999 714 1035 non
743 986 828 1034 est
871 974 982 1032 nisi
1014 973 1471 1050 conjecturaliter
1495 984 1569 1032 ‘et
1609 974 1906 1034 moraliter
1934 990 2192 1051 certum3
2226 1000 2292 1038 eo

203 1073 359 1156 quod
385 1073 525 1132 certi
551 1093 671 1130 non
695 1071 870 1128 simus
890 1113 907 1143 7
936 1079 1136 1126 utrum
1166 1067 1428 1143 affectus,
1460 1088 1601 1148 quos
1630 1069 1956 1149 experimus
1974 1115 1991 1146 ,
2018 1093 2050 1130 a
2077 1073 2294 1152 Spiritu

131 1192 133 1196 ·
202 1171 407 1228 Sancto
434 1165 753 1248 procedant
774 1210 789 1239 ‚
828 1186 905 1222 an
942 1185 975 1222 a
1002 1162 1153 1222 malo
1185 1163 1386 1245 spiritu
1415 1162 1864 1243 transfigurante
1898 1164 2196 1225 interdum
2233 1188 2296 1228 se

203 1263 268 1322 in
297 1261 578 1340 Angelum
612 1260 754 1318 lucis
792 1258 899 1338 (3).

285 1356 422 1415 580.
469 1354 557 1415 Ad
591 1354 697 1429 31¹1,
727 1356 885 1414 Dist.
930 1356 1015 1412 Ita
1042 1363 1110 1412 ut
1143 1351 1267 1412 haec
1290 1352 1534 1412 tentatio
1559 1373 1625 1412 ac
1659 1351 1924 1436 probatio
1952 1354 2164 1417 haheat
2186 1379 2293 1440 pro

275 1590 343 1654 (l)
380 1591 451 1638 Ps.
473 1605 594 1652 xxix,
627 1606 670 1654 7.

278 1673 339 1736 (2)
379 1672 474 1720 Cfr.
511 1670 727 1719 Bernard.
754 1688 778 1717 a
807 1668 989 1715 Piconio
1014 1671 1063 1715 in
1080 1668 1207 1716 hunc

206 1756 299 1803 loc.
326 1754 413 1802 Sed
436 1755 603 1818 juverit
632 1752 757 1800 hanc
785 1753 1206 1814 interpretationem

208 1838 477 1886 confirmare
509 1836 771 1882 auctoritate
797 1834 997 1880 hominis
1036 1842 1206 1896 protes-

206 1920 348 1966 tantis
374 1927 415 1964 et
442 1916 746 1966 rationalistae.
765 1913 839 1961 Sic
854 1916 992 1978 igitur
1011 1916 1061 1960 in
1075 1931 1123 1962 v.
1143 1911 1206 1962 35

207 1998 344 2064 hujus
368 2002 526 2062 capitis
560 1998 712 2046 scribit
736 1996 899 2058 Georg.
930 1995 1206 2042 Rosenmfil-

206 2080 274 2128 ler
290 2098 301 2127 ε
318 2082 371 2126 ‘H
384 2077 541 2138 οἱγοῖπη
558 2084 635 2126 τοῦ
658 2081 845 2142 cho-rofi'
857 2085 1029 2141 ‚polest
1052 2078 1208 2139 siqni-

208 2163 354 2226 ficare
368 2179 474 2208 eum
491 2177 696 2207 amorem
718 2197 730 2217 ,
758 2175 847 2221 quo
878 2158 1098 2205 Christus
1124 2174 1209 2204 nos

195 2242 532 2306 ¹complectitur
551 2279 563 2298 ‚
587 2240 659 2287 vel
674 2243 817 2287 etiam
835 2256 1040 2285 amorem
1066 2255 1174 2285 eum
1188 2273 1204 2299 ‚

206 2340 342 2387 quem
354 2338 438 2369 nos
452 2338 561 2384 erqa
575 2321 818 2367 Christum
832 2319 1073 2367 hahemus.
1086 2317 1208 2365 Plu-

208 2404 327 2450 rimi
345 2404 618 2466 interpretes
649 2404 861 2465 priorem
893 2401 1207 2464 siqnifieatio—

209 2501 315 2533 nem
323 2483 622 2547 praeferunt5
641 2485 756 2546 quia
772 2482 827 2528 de
849 2480 1091 2544 beneficiis
1112 2480 1211 2528 Dei

209 2568 266 2613 in
280 2565 439 2629 fideles
462 2564 660 2623 collatis,
688 2573 823 2627 atque
840 2563 895 2610 de
920 2579 1080 2609 eorum
1093 2561 1206 2626 seli·

208 2650 347 2696 citate
371 2648 430 2710 fit
464 2661 635 2694 sernw.
679 2645 806 2692 Tum
847 2661 1013 2691 sensus
1060 2645 1212 2708 iqitur

209 2731 301 2776 erit
332 2745 344 2776 :
382 2728 507 2794 Quis
532 2727 668 2773 nobis
689 2728 846 2790 possit
882 2727 1062 2789 eripere
1087 2741 1209 2772 amo·

208 2827 307 2859 rem
331 2848 344 2869 ‚
374 2825 464 2874 quo
495 2807 714 2856 Christus
739 2822 826 2853 nos
851 2805 1210 2870 complectitur?

206 2895 282 2940 vel
302 2893 499 2956 privare
524 2906 611 2936 nos
635 2887 953 2936 benevolentia
980 2896 1025 2934 et
1053 2903 1209 2934 artiore

214 2973 393 3020 Christi
410 2977 432 3019 P
463 2971 715 3036 Quidquid
738 2971 929 3017 adversi
942 2970 1079 3017 nobis
1102 2987 1207 3018 eve-

210 3055 343 3113 niat,
361 3070 446 3100 nos
470 3052 1013 3115 nihilominusfirmiter
1027 3052 1208 3099 erimus

205 3136 457 3199 persuasi,
487 3151 573 3181 nos
601 3151 629 3180 a
657 3132 850 3180 Christo
890 3135 1063 3181 antari.
1096 3133 1157 3181 Si
1182 3135 1208 3188 η’
1240 3203 1242 3206 r

209 3214 370 3273 ἀγάπη
403 3220 479 3263 τοῦ
505 3219 690 3280 Χριστοῦ·
713 3223 780 3263 est
787 3218 943 3280 pietas
957 3216 1013 3262 in
1041 3214 1207 3263 Chris-

211 3305 312 3345 tum
330 3334 342 3355 ‚
366 3304 465 3343 tum
487 3313 649 3343 sensus
673 3305 740 3344 est
754 3317 767 3343 .·
788 3299 913 3360 Quis
932 3297 1172 3362 infrinyat
1185 3332 1202 3358 ‚

209 3373 343 3426 tollat
363 3385 574 3425 nostrum
603 3394 809 3426 amorem
836 3380 892 3426 in
921 3379 1166 3428 Christum
1183 3385 1207 3430 ?

216 3462 340 3524 Quis
379 3475 466 3505 nos
503 3467 772 3523 permoveat
800 3497 814 3518 ‚
860 3467 914 3506 ut
955 3460 1208 3510 deserenda

206 3540 436 3605 reliqione
467 3556 633 3587 rursus
661 3540 936 3588 excidamus
958 3540 1043 3589 hoc
1079 3550 1208 3590 tanto

208 3623 311 3670 Dei
329 3621 598 3686 Christique
616 3637 771 3669 amore
785 3625 811 3668 Ρ
836 3620 956 3670 Hoec
973 3624 1209 3690 interpre-

1292 1587 1406 1634 tatio
1411 1587 1712 1653 praeferenda
1727 1605 1822 1636 esse
1835 1589 2037 1638 videtur.
2048 1589 2158 1639 Non
2167 1592 2296 1638 enim

1291 1668 1411 1716 dicit
1440 1668 1725 1734 Apostolus:
1757 1670 1883 1736 Quis
1911 1670 2156 1719 Christum
2186 1672 2294 1720 abs·-

1292 1750 1448 1798 trahat
1479 1752 1538 1799 ab
1557 1768 1714 1799 amore
1729 1769 1841 1816 erqa
1864 1770 1950 1800 nos
1964 1754 1998 1800 Ρ
2020 1752 2118 1801 Sed
2134 1753 2295 1820 :Quis

1292 1849 1376 1878 nos
1389 1833 1633 1880 abstrahat
1643 1834 1701 1881 ab
1712 1851 1869 1881 autore
1882 1852 1994 1898 erqa
2016 1835 2293 1884 Christum?

1293 1912 1412 1960 Post
1424 1920 1489 1961 tot
1499 1930 1556 1961 ae
1565 1922 1698 1962 tanta
1711 1914 1938 1978 beneficia
1953 1908 2294 1973 debemus-eum

1293 2002 1560 2041 constanter
1604 2010 1780 2042 amare.
1823 1996 2021 2044 Demum
2062 1997 2296 2045 concludit

1294 2092 1340 2121 v.
1367 2075 1445 2139 39.
1461 2078 1586 2140 juxta
1605 2094 1791 2124 sensum
1806 2075 2007 2141 Apostoli
2028 2094 2042 2124 ε
2063 2078 2208 2126 Nihil
2229 2081 2297 2142 iq·

1292 2156 1394 2201 itur
1412 2157 1466 2202 in
1489 2174 1645 2204 rerum
1667 2166 1842 2206 natura
1864 2156 2295 2225 dodemannxvpt‘q

1294 2236 1409 2297 ἡμῶν
1417 2240 1695 2302 ,nospoterit
1703 2239 1969 2287 abstrahere
1979 2241 2039 2287 ab
2049 2240 2131 2307 illo
2141 2257 2299 2289 amore

1294 2333 1405 2379 erqa
1435 2316 1598 2365 Deum
1615 2353 1632 2379 ,
1652 2322 1738 2382 qui
1758 2321 1812 2366 in
1827 2321 1966 2368 nobis
1984 2322 2132 2382 inest,
2147 2339 2298 2387 prop·

1292 2404 1362 2444 ter
1393 2397 1637 2446 Christum
1666 2400 1836 2448 Jesum
1877 2402 2151 2450 Dominum
2186 2419 2300 2451 nos·

1292 2487 1437 2539 trum,
1454 2481 1538 2543 qui
1554 2482 1743 2529 oriture
1755 2483 2018 2546 beneficiis,
2035 2501 2140 2547 quae
2157 2483 2294 2532 Deus

1292 2559 1431 2607 nohis
1447 2570 1640 2626 propter
1665 2570 1710 2610 et
1714 2581 1807 2629 per
1832 2563 2076 2612 Christum
2094 2566 2288 2630 ejusque
2348 2609 2353 2629 s

1298 2640 1563 2689 doctrinam
1591 2644 1760 2692 tribuit
1783 2661 1840 2692 ac
1867 2644 2146 2694 destinavit.

1360 2722 1421 2787 (3)
1458 2712 1585 2772 Idem
1625 2727 1788 2773 autlior
1828 2729 1889 2775 ita
1936 2729 2071 2777 refert
2114 2724 2299 2777 sensum*

1292 2803 1531 2867 Apostoli,
1575 2806 1631 2854 ad
1675 2807 1802 2855 hunc
1833 2827 1878 2857 v.
1924 2808 1983 2856 16
2012 2830 2028 2856 .-
2069 2808 2184 2875 Ipse
2214 2808 2294 2857 ille

1291 2901 1458 2932 sensus
1501 2893 1547 2933 et
1583 2888 1779 2935 animus
1817 2893 2037 2938 animum
2076 2900 2295 2939 nostrum

1291 2969 1537 3015 convincit
1563 2986 1650 3016 nos
1676 2987 1772 3019 esse
1816 2971 1917 3020 Dei
1947 2971 2213 3037 filios-Adra*
2241 2973 2293 3022 π’

1292 3054 1466 3111 πνεῦμα
1488 3050 1668 3099 scil-icet
1679 3050 2135 3118 viofleo-c'oefstnimus
2158 3055 2237 3104 ille
2253 3064 2298 3103 et

1290 3134 1530 3182 sentiendi
1558 3123 1820 3200 aqendique
1856 3138 1978 3185 ratio
2019 3136 2294 3201 liberalior,

1290 3232 1385 3279 qua
1423 3233 1522 3264 non
1550 3217 1760 3282 amplius
1800 3220 1967 3265 timore
2010 3219 2179 3267 servili
2219 3236 2310 3287 re-v

1288 3299 1483 3362 qimur,
1529 3298 1611 3346 sed
1642 3298 1719 3346 ex*
1748 3315 1907 3348 amore
1946 3301 2048 3349 Dei
2082 3309 2127 3348 et
2146 3299 2297 3367 plena

1285 3379 1470 3443 fiducia
1500 3388 1618 3428 recte
1645 3383 1833 3445 aqimus
1851 3419 1863 3443 ‚
1895 3383 2032 3430 nobis
2068 3391 2136 3430 est
2155 3382 2300 3447 quasi

1292 3462 1554 3509 testimonii
1579 3460 1675 3510 loco
1695 3500 1708 3523 ‚
1753 3479 1840 3511 nos
1872 3480 1968 3512 esse
1995 3463 2127 3528 filios
2173 3461 2292 3509 Dei.

1293 3542 1391 3607 Qua
1417 3545 1561 3608 posita
1581 3547 1952 3611 interpretatione
1963 3544 2161 3596 concidit
2185 3560 2289 3593 om·-

1294 3629 1367 3674 nis
1396 3623 1657 3678 difficultas.
