2540 4074
527 251 683 289 PAR‘r.
733 214 771 287 ι’.
817 249 935 288 cn.
980 251 1069 285 111.
1119 249 1186 286 DE
1230 225 1581 286 enarmu'rss
1626 248 1865 285 GRATIAE.
2140 225 2254 284 107

142 405 299 453 catos
313 436 336 466 ,
364 397 509 474 quo's
535 393 688 450 Deus
722 390 902 470 gratia
937 413 1035 450 sua
1067 402 1271 466 vocat:7
1306 392 1530 464 etiamsi
1562 390 1647 449 illi
1673 412 1773 450 sua
1811 388 2100 448 industria
2137 388 2253 447 ini-

143 491 294 548 tium
335 485 708 573 praebuerint.
768 487 858 545 Sic
913 488 1069 546 enim
1125 487 1384 569 loquitur
1433 486 1738 546 Cassianus
1794 504 1807 543 τ
1863 485 2028 545 Eam
2071 483 2095 562 (
2124 505 2254 563 gra-

143 585 327 661 tiam)
349 583 461 641 suh
477 583 660 640 colore
688 583 1008 661 cujusdam
1040 582 1326 642 desiderii
1345 605 1416 641 ac
1440 583 1666 641 labori-s
1683 581 1973 660 impartit
1993 578 2219 658 (Deus)
2241 627 2256 656 7

144 689 202 737 et
222 678 620 736 mmlominus
638 682 845 756 qratia
877 679 999 736 Dei
1015 699 1244 756 semper
1256 682 1537 756 gratuita
1561 686 1933 755 perseveram
1954 675 2112 732 *dum
2139 679 2259 732 esci-

137 759 278 855 μὴ·
293 772 662 850 quibusdam
673 777 1004 851 parvisque
1031 775 1346 831 conatibus
1369 782 1604 830 tantam
1635 771 2112 829 immortalitatis
2132 771 2258 848 ylo—

141 871 305 924 riam
334 910 350 940 7
392 877 565 924 tanta
600 872 887 946 perennis
926 867 1321 926 beatitudinis
1360 868 1519 924 dona
1572 866 1995 923 inaestimabili
2039 866 2265 922 tribuit

141 963 417 1041 laryitate
440 961 554 1042 (1).
583 961 693 1020 Ubi
731 965 930 1044 patet7
969 962 1210 1041 gratiam
1250 961 1441 1020 vocari
1470 959 1542 1017 ab
1570 961 1709 1041 ipsis
1738 964 2074 1039 yratuitam
2102 1005 2116 1032 7
2155 960 2261 1018 etsi

140 1055 359 1113 intuitu
387 1067 561 1136 atque
604 1058 898 1116 occasione
927 1058 1113 1115 nostri
1144 1055 1358 1115 laboris
1387 1054 1736 1114 concedatur
1755 1098 1770 1125 7
1799 1072 1866 1112 eo
1911 1052 2072 1134 quod
2097 1052 2261 1112 labor

141 1150 418 1208 minimus
445 1151 519 1208 sit
546 1162 606 1209 et
633 1174 754 1210 non
791 1151 1135 1230 condignus,

224 1246 362 1304 219.
410 1248 491 1305 Ex
529 1246 616 1305 his
649 1246 990 1325 intelligitur
1012 1291 1027 1322 7
1058 1266 1317 1304 errorem
1349 1245 1516 1303 fuisse
1547 1265 1918 1303 communem
1950 1243 2265 1323 pelagianis

142 1360 206 1398 ac
225 1340 692 1421 Semipelagianis
717 1385 732 1414 7
763 1342 1005 1419 gratiam
1014 1345 1181 1418 juxta
1206 1341 1413 1398 merita
1448 1340 1594 1414 dari7
1623 1361 1751 1420 quae
1768 1361 1837 1398 ex
1867 1339 2047 1397 libero
2071 1339 2263 1397 homi-

140 1434 230 1491 nis
265 1433 504 1493 arbitrio
544 1435 829 1493 oriantur.
864 1437 1140 1514 Magnum
1178 1446 1376 1493 tamen
1403 1435 1464 1491 in
1489 1435 1659 1512 hujus
1687 1435 1894 1493 erroris
1912 1434 2265 1514 professione

141 1539 300 1608 patet
331 1530 485 1588 inter
501 1541 778 1611 utrosque
796 1530 1505 1589 discrimenintercessisse
1529 1553 1540 1587 :
1565 1529 1720 1611 quod
1745 1529 1958 1588 scilicet
1979 1529 2264 1607 Pelagiani

122 1615 598 1697 contenderent,
640 1639 814 1705 opera
858 1625 1031 1684 liberi
1063 1625 1289 1684 arbitrii
1334 1625 1610 1683 meritum
1655 1625 2007 1682 constituere
2033 1624 2267 1705 proprie

141 1717 394 1791 dictum*7
417 1740 515 1776 seu
531 1721 600 1777 de
615 1721 935 1799 condiqno3
961 1719 1404 1802 Semipelagiani
1430 1732 1625 1778 autem
1652 1730 1885 1778 tantum
1911 1722 1981 1777 de
2005 1741 2266 1798 oonyruo

145 1811 350 1869 merita
365 1812 458 1870 illa
473 1835 595 1871 esse
611 1815 1179 1887 autumarent.Quod
1195 1815 1276 1872 illi
1295 1816 1497 1873 merita
1514 1816 1808 1893 exigerent
1826 1815 1897 1873 ad
1915 1813 2261 1872 habendam

143 1906 389 1984 gratiam
419 1927 531 1986 qua
549 1910 807 1983 facilius
836 1930 899 1966 ac
921 1911 1138 1966 melius
1163 1921 1544 1989 operarentur
1565 1910 1828 1967 homines
1865 1931 1929 1967 ea
1954 1909 2222 1966 instructi
2246 1934 2260 1980 ς

144 1999 239 2057 isti
280 1999 659 2078 admitterent
695 2004 940 2082 gratiam
971 2025 1041 2062 ex
1070 2004 1291 2062 meritis
1328 2003 1399 2062 de
1430 2025 1685 2082 congruo
1722 2003 2118 2086 profluentem
2139 2015 2263 2063 tan-

99 2146 104 2149 ,
146 2116 322 2176 quam
349 2104 750 2157 necessariam
775 2099 849 2156 ad
872 2098 1022 2158 bene
1051 2098 1436 2180 operandum.
1468 2101 1635 2172 Quod
1662 2105 1828 2178 juxta
1877 2099 2004 2159 illos
2034 2121 2265 2181 semper

146 2192 327 2270 gratia
364 2192 683 2251 secundum
726 2194 932 2253 merita
972 2193 1427 2268 retribueretur3
1457 2201 1624 2273 juxta
1661 2196 1799 2255 istos
1839 2218 1958 2253 non
1993 2216 2225 2275 semper
2249 2240 2266 2270 ‚

147 2287 249 2346 sed
270 2334 285 2362 7
313 2288 373 2346 in
397 2287 705 2370 hypothesi
741 2290 898 2372 quod
924 2290 1192 2348 adessent
1212 2337 1226 2364 7
1259 2293 1411 2349 Deus
1440 2290 1528 2349 his
1561 2302 1898 2351 moveretur
1925 2290 1999 2349 ad
2023 2292 2266 2369 gratiam

145 2382 583 2444 conferendam.
628 2384 795 2458 Quod
830 2384 1069 2444 demum
1109 2384 1190 2442 illi
1216 2385 1276 2442 in
1318 2384 1616 2467 quibusvis
1660 2385 1930 2466 operibus
1962 2387 2082 2444 sive
2121 2396 2261 2444 ante

146 2478 267 2538 sive
307 2491 440 2561 post
478 2479 749 2562 adeptam
794 2479 970 2538 fidem
1009 2482 1340 2539 censuerint
1379 2479 1707 2561 praecedere
1749 2479 1971 2538 bonam
2009 2479 2264 2537 hominis

146 2572 510 2633 voluntatem
537 2620 552 2648 7
597 2577 688 2633 cui
739 2574 1192 2656 subsequeretur
1239 2576 1418 2654 gratia
1451 2600 1466 2648 ς
1505 2575 1596 2632 isti
1637 2574 1855 2633 bonam
1902 2573 2267 2635 voluntatem

148 2666 609 2749 existimaverint
644 2668 831 2727 solum
866 2669 1188 2751 praecedere
1228 2670 1459 2727 initium
1505 2669 1637 2728 fidei
1680 2691 1745 2728 ac
1787 2669 2007 2728 salutis.
2053 2668 2268 2727 Ex‘his.

125 2765 344 2821 'autem
387 2763 605 2823 meritis
645 2766 886 2846 gratiam
922 2763 1387 2846 praecedentibus
1429 2776 1548 2823 tam
1600 2763 1888 2844 Pelagiani
1950 2786 2126 2845 quam
2164 2765 2267 2822 Se-

147 2858 520 2940 mipelagiani
549 2860 830 2920 eruebant
853 2907 868 2935 7
889 2860 1230 2920 electionem
1257 2871 1315 2919 et
1341 2860 1907 2942 praedestinationem
1924 2859 1998 2917 ad
2020 2859 2265 2938 gratiam

149 2963 207 3011 et
236 2953 310 3010 ad
345 2953 583 3032 gloriam
613 2974 735 3013 non
772 2977 843 3014 ex
878 2955 998 3014 solo
1039 2957 1143 3014 Dei
1178 2954 1548 3036 beneplacito
1583 2954 1841 3035 pendere
1864 2999 1879 3027 7
1927 2952 2029 3012 sed
2065 2975 2135 3012 ex
2173 2953 2264 3012 his

147 3046 287 3127 ipsis
313 3049 534 3107 meritis
570 3049 930 3108 naturalibus
969 3061 1074 3126 aut
1098 3049 1480 3109 existentibus
1514 3095 1528 3123 7
1572 3059 1671 3106 aut
1706 3047 1912 3107 saltem
1949 3049 2214 3129 praevisis
2243 3074 2258 3121 ς

147 3162 212 3199 ac
254 3141 549 3203 hominem
597 3145 831 3226 propria
874 3146 1160 3204 industria
1187 3167 1251 3203 ac
1286 3144 1483 3203 labore
1518 3165 1577 3201 se
1620 3142 1945 3202 discernere
1972 3165 2017 3201 a
2048 3145 2264 3222 perdi-

147 3240 329 3295 tionis
378 3235 577 3298 massa
600 3285 623 3314 a,
662 3245 829 3318 juxta
874 3239 1206 3320 Pelagianos
1234 3287 1250 3314 7
1307 3251 1408 3298 aut
1464 3237 1668 3298 saltem
1718 3261 1884 3319 posse
1935 3261 1995 3298 se
2047 3239 2263 3299 discer-

147 3353 287 3390 nere
309 3377 325 3407 7
349 3337 522 3410 juxta
554 3333 1060 3416 Semipelagianos.
1110 3335 1196 3395 Ad
1231 3335 1347 3414 hos,
1386 3355 1608 3393 errores
1660 3333 2073 3395 convellendos
2106 3347 2272 3394 totus

147 3426 409 3485 incubuit
431 3429 486 3486 S.
522 3429 871 3511 Augustinus
891 3476 906 3506 7
939 3429 1293 3489 adstruendo
1322 3428 1600 3489 adversus
1636 3441 1913 3512 utrosque
1952 3432 2262 3510 gratuitam

150 3522 719 3603 praedestinationem
741 3525 818 3585 ad
846 3529 1091 3607 gratiam
1109 3572 1133 3599 ,
1163 3549 1226 3587 ac
1248 3538 1524 3610 proptera
1547 3526 1620 3587 ad
1642 3527 1915 3607 gloriamt,
1946 3548 2081 3586 cum
2092 3530 2261 3604 juxta

213 3713 278 3776 (l)
315 3713 487 3764 Collat.
521 3730 631 3777 xm,
662 3733 764 3782 cap.
804 3717 881 3767 13.
