2430 4056
505 161 661 200 PART.
709 163 772 200 11.
819 162 939 200 cu„
982 159 1044 199 11.
1092 161 1158 197 DE
1201 141 1638 204 msurlcmionn
1680 161 1839 198 nuru.
2127 140 2241 198 251

957 315 1358 372 PROPOSITIO
1395 317 1464 369 ΙΙ.

166 469 376 542 Fides,
423 489 557 548 quoe
595 469 681 526 ad
708 469 1198 548 justificationem
1241 474 1612 549 requiritur,
1654 490 1774 528 non
1812 479 1895 528 est
1922 469 2148 549 fiducia
2178 473 2249 528 in
2315 533 2317 535 ,

246 561 469 640 divinis
478 564 1002 640 promissionibus,
1026 566 1127 623 sed
1138 566 1353 644 firmus
1377 586 1650 623 assensus
1673 565 1757 622 ad
1772 584 1840 622 ea
1865 566 2091 637 omnia7
2117 583 2251 642 quae

246 656 413 714 Deus
436 660 728 714 revelavit.

244 853 381 913 554.
428 856 551 914 Hoc
583 868 670 916 est
704 858 777 918 de
817 859 961 932 fide,
1005 870 1071 917 ut
1099 868 1260 940 patet
1306 881 1376 917 ex
1417 879 1543 921 can.
1584 860 1690 917 XII
1711 903 1728 932 7
1758 879 1894 917 sess,
1924 859 2008 917 VI
2029 902 2044 932 7
2079 860 2250 918 Conc.

165 946 489 1007 Tridentini
515 973 527 1006 :
555 951 778 1029 Siquis
800 954 1026 1012 dixerit
1039 995 1060 1022 ,
1093 954 1718 1032 fidemjustifieantem
1754 955 1913 1011 ‘nihil
1941 954 2119 1009 aliud
2139 975 2254 1012 esse

163 1062 346 1119 quam
364 1043 659 1119 fiduciam
684 1047 903 1106 divinae
929 1048 1350 1104 misericordiae
1367 1057 1613 1124 peccata
1637 1050 1989 1104 remittentis
2007 1057 2258 1124 propter

168 1135 507 1210 Christum7
564 1140 653 1196 vel
685 1160 813 1197 eam
848 1140 1155 1217 fiduciam,
1190 1141 1374 1197 solam
1428 1161 1580 1210 esse,
1635 1160 1753 1217 qua
1784 1139 2203 1217 justificamur
2233 1182 2252 1215 7

163 1230 483 1288 anatliema
511 1236 604 1290 sit.

244 1322 382 1381 555.
409 1325 510 1395 ,Ut
539 1336 734 1384 autem
770 1325 974 1385 melius
1009 1325 1363 1406 intelligatur
1378 1338 1557 1385 status
1591 1327 1919 1408 quaestionis
1941 1372 1957 1401 7
1987 1327 2254 1386 animad-

164 1417 525 1476 vertendum
572 1429 693 1495 est7
753 1421 815 1477 10
861 1423 1253 1479 protestantes
1297 1420 1585 1502 triplicem
1641 1421 1990 1500 distinguere
2032 1422 2206 1481 fidem
2234 1470 2251 1494 7

163 1511 508 1571 historicam
535 1558 551 1587 7
582 1536 693 1594 qua
715 1515 1001 1575 credimus
1028 1537 1164 1577 vera
1188 1538 1307 1575 esse
1333 1537 1458 1598 quae
1480 1520 1629 1576 Deus
1652 1516 1930 1577 revelavit
1951 1563 1967 1592 7
1994 1523 2256 1576 miracu-

163 1606 359 1663 lorum
375 1650 396 1677 ,
440 1629 552 1689 qua
589 1608 673 1667 illi
694 1610 1026 1690 intelligunt
1054 1611 1382 1670 facultatem
1410 1612 1820 1671 miraculorum
1855 1613 2212 1671 edendorum
2234 1659 2249 1687 7

153 1705 663 1778 promissionum,
710 1725 822 1784 qua
865 1705 992 1785 quis
1028 1705 1210 1764 credit
1243 1727 1407 1767 veras
1454 1727 1574 1765 esse
1627 1707 2033 1787 promissiones
2058 1752 2074 1781 7
2115 1729 2256 1788 quas

170 1792 321 1854 Deus
362 1796 495 1855 fecit
520 1798 592 1857 de
621 1800 992 1859 remittendis
1029 1802 1273 1882 peccatis
1294 1847 1310 1876 7
1350 1813 1477 1860 tum
1512 1803 1574 1860 in
1612 1824 1818 1882 genere
1842 1804 2031 1884 quoad
2055 1824 2256 1861 omnes

167 1886 434 1947 homines
458 1934 474 1962 7
508 1892 607 1971 qui
630 1892 877 1951 credunt
902 1894 971 1974 in
998 1895 1291 1953 Christum
1312 1940 1328 1970 7
1355 1907 1483 1955 tum
1502 1897 1563 1954 in
1590 1898 1775 1977 specie
1796 1896 1986 1976 quoad
2007 1895 2256 1975 singulos

167 1979 431 2070 homines
452 2028 468 2058 7
499 1985 797 2044 eredentes
832 1986 941 2044 sibi
981 1990 1199 2047 remitti
1221 2001 1454 2070 peccata
1477 2035 1491 2064 7
1528 2012 1626 2048 seu
1658 1991 1848 2071 potius
1880 1990 1988 2048 sibi
2012 2012 2133 2049 esse
2163 2011 2259 2048 re·
2304 1983 2308 1992 ’

98 2136 103 2139 ,
169 2076 340 2134 missa
365 2098 470 2157 per
501 2077 809 2138 Christum.
842 2081 1003 2140 Hanc
1031 2104 1204 2163 porro
1227 2084 1403 2143 fidem
1432 2084 1734 2165 specialem
1763 2130 1778 2159 7
1814 2106 1926 2165 qua
1952 2086 2077 2166 quis
2103 2096 2259 2144 certo

171 2171 352 2229 credit
379 2216 395 2245 7
439 2172 546 2231 sibi
584 2195 701 2233 esse
729 2175 959 2235 dimissa
991 2192 1221 2258 peccata
1252 2226 1266 2255 7
1307 2201 1595 2261 quamque
1633 2181 1898 2240 fiduciam
1924 2181 2254 2263 appellant7

171 2284 298 2321 eam
327 2285 446 2322 esse
480 2269 843 2326 contendunt
863 2315 878 2344 7
908 2291 1033 2350 quae
1058 2272 1175 2330 sola
1191 2275 1464 2350 justificet
1496 2275 1609 2353 (1).

253 2359 387 2418 556.
435 2360 1029 2422 Animadvertendum
1052 2378 1138 2424 est
1159 2412 1173 2439 7
1190 2367 1256 2423 20
1275 2368 1335 2424 in
1366 2379 1673 2446 systemate
1698 2369 2054 2427 Novatorum
2080 2366 2259 2428 fidem

170 2451 320 2511 hanc
355 2476 452 2513 seu
493 2455 794 2531 fiduciam7
832 2479 956 2538 quae
994 2460 1383 2541 apprehendit
1410 2462 1855 2520 misericordiam
1889 2462 1982 2522 vel
2010 2464 2260 2543 promis-

171 2547 357 2607 siones
406 2549 631 2610 divinas
679 2563 955 2633 tanquam
999 2576 1279 2633 organum
1320 2567 1379 2614 et
1423 2557 1880 2615 instrumentum
1910 2602 1925 2632 7
1973 2579 2093 2617 non
2137 2579 2258 2618 esse

172 2643 553 2720 subjectivam
596 2666 698 2704 seu
751 2647 1124 2707 intrinsecam
1171 2649 1394 2708 homini
1413 2695 1428 2724 7
1487 2672 1594 2710 nec
1645 2651 1826 2710 ullam
1885 2652 2259 2711 intrinsecam

173 2756 273 2794 seu
307 2737 574 2797 intimam
602 2739 940 2801 relationem
971 2743 1176 2802 afferre
1210 2745 1362 2803 inter
1388 2745 1687 2805 hominem
1716 2758 1774 2805 et
1809 2746 2129 2819 Christum3
2158 2747 2260 2805 sed

173 2850 295 2888 esse
332 2830 516 2890 solum
546 2835 988 2912 objectivam'et
1018 2840 1399 2898 extrinsecam
1427 2885 1443 2916 7
1487 2840 1740 2921 alioquin
1778 2852 1926 2899 esset
1958 2843 2171 2899 debilis
2201 2852 2261 2899 et

169 2926 538 3002 imperfecta3
568 2929 723 3009 quod
747 2930 994 3011 explicat
1008 2933 1278 2994 Calvinus
1298 2957 1400 3015 per
1425 2926 1863 2993 similitudinem
1888 2937 2011 2992 ollae
2031 2936 2259 3014 fictilis,

173 3038 306 3096 quoe
331 3023 400 3079 in
438 3042 494 3078 se
527 3025 792 3082 recondit
821 3045 1039 3085 aurum
1068 3026 1175 3108 (2).
1207 3031 1382 3088 Porro
1408 3028 1566 3087 nulla
1603 3041 1690 3088 est
1723 3029 2034 3108 intrinseca
2058 3030 2259 3089 relatio

172 3295 199 3325 a
238 3277 609 3329 Protestantibus.
647 3281 707 3330 Hi
751 3286 875 3332 enim
914 3283 1060 3333 verba
1092 3285 1173 3334 de·
1298 3279 1391 3351 μ(1)
1426 3285 1523 3334 cfr.
1553 3285 1769 3335 Bellarm.‘
1789 3259 2054 3352 Dejustif.
2085 3285 2174 3336 lib.
2205 3303 2222 3333 1
2241 3323 2255 3345 ‚

172 3367 682 3418 traxeruntacontextu
699 3399 714 3424 ,
745 3375 794 3412 ut
823 3365 977 3431 aliqua
1000 3368 1176 3415 tatione
1257 3383 1359 3430 cap.
1394 3364 1446 3429 4.

171 3442 433 3490 evincerent
453 3478 466 3501 ,
487 3445 607 3506 ipsos
636 3446 809 3508 primos
834 3464 930 3495 non
958 3448 1097 3496 fuisse
1119 3449 1177 3496 ad
1326 3447 1394 3512 (2)
1425 3447 1496 3496 Ita
1542 3446 1790 3510 Calvinus,
1837 3447 2003 3495 Instit.
2040 3448 2125 3496 lib.
2174 3463 2258 3510 ιιι,

173 3521 453 3585 paradoxum
491 3524 610 3571 istud
637 3527 983 3592 excogitandum
1003 3530 1061 3579 de
1088 3530 1180 3578 fide
1261 3545 1365 3593 cap.
1404 3544 1481 3578 ιι.
1517 3527 1574 3576 In
1600 3546 1692 3595 quo
1721 3530 1929 3578 confutat
1959 3527 2257 3587 Osiandrum,

175 3601 275 3651 sine
291 3602 510 3667 operibus
532 3605 826 3671 justificante.
856 3654 859 3656 ,
956 3642 958 3644 -
1259 3611 1376 3675 qui,
1406 3619 1459 3658 ut
1481 3612 1577 3676 ipse
1599 3610 1805 3677 loquitur
1827 3648 1842 3673 7
1868 3619 2125 3659 monstrum
2160 3624 2259 3659 nes-
