2430 4056
186 226 303 285 214

938 227 1140 280 πων.
1187 241 1255 279 ΒΕ
1296 243 1524 282 cama.

190 390 502 452 Novatores
534 385 778 444 exterior
810 393 898 441 est
918 427 934 456 7
975 394 1035 441 et
1063 381 1252 446 solum
1276 381 1479 458 efficit,
1517 392 1583 441 ut
1613 385 1764 442 Deus
1789 382 1892 441 has
1925 381 2121 462 culpas
2154 393 2274 441 non

190 482 508 541 consideret
534 524 549 553 7
580 475 820 559 perinde
850 494 914 535 ac
936 477 983 534 si
1014 486 1178 536 tectae
1205 485 1396 535 essent
1420 477 1596 536 oculis
1630 478 1746 547 suis
1764 523 1779 552 7
1807 498 1948 558 quas
1971 486 2278 558 propterea

190 599 309 635 non
338 577 604 654 imputat.
648 573 784 631 Haec
808 571 1078 629 sanctitas
1107 582 1166 629 et
1183 570 1406 648 justitia
1432 591 1552 628 non
1581 584 1672 632 est
1705 573 1957 631 hominis
1981 570 2280 647 justificati

182 671 476 749 propria7
530 665 632 724 sed
677 676 763 724 est
803 666 926 746 ipsa
972 665 1244 723 sanctitas
1289 674 1347 724 et
1378 665 1603 740 justitia
1651 666 1907 725 formalis
1950 665 2162 725 Christi
2206 663 2279 723 ab

189 762 425 821 homine
452 760 811 842 apprehensa
835 805 849 834 7
887 770 946 817 ct
981 780 1047 817 ea
1072 770 1158 817 est
1178 804 1193 833 7
1223 780 1352 840 quae
1374 757 1531 839 bona
1559 762 1732 841 opera
1758 762 1976 843 profert
2002 772 2282 843 tanquam

186 858 404 915 fructus
434 856 528 917 vel
557 856 714 934 signa
745 854 1119 935 apprehensae
1144 853 1315 931 hujus
1347 855 1450 912 Dei
1479 852 1574 913 vel
1603 853 1814 914 Christi
1861 856 2180 915 sanctitatis
2223 865 2282 914 et

181 951 417 1030 justitiae
435 997 450 1026 7
481 951 687 1010 eodem
707 961 969 1029 tempore
987 970 1051 1008 ac
1064 960 1271 1006 natura
1287 938 1541 1007 hufnana
1555 950 1889 1009 manifestat
1916 973 2021 1033 per
2041 949 2284 1010 actualia

189 1058 419 1128 peccata
439 1051 638 1126 jugem
668 1044 1028 1103 subsistenti-s
1056 1044 1274 1124 peccati
1298 1043 1585 1123 originalis
1613 1044 1979 1104 existentiam
1998 1045 2102 1125 (1).
2121 1046 2287 1123 Ejus-

190 1140 351 1199 modi
365 1152 452 1199 est
471 1151 858 1198 monstrosum
878 1149 1125 1218 systema
1146 1132 1608 1197 Protestantismi
1624 1138 1770 1197 circa
1788 1139 2283 1216 justificationem7

193 1236 557 1293 sanctitatem
573 1279 589 1310 7
615 1255 787 1316 opera
813 1233 1002 1306 bona;
1031 1232 1189 1314 quod
1206 1254 1315 1314 per
1337 1244 1532 1314 partes
1559 1227 2000 1315 explanabimus
2024 1234 2088 1292 in
2115 1233 2288 1311 hujus

194 1341 468 1388 tractatus
509 1329 773 1388 decursu.
1351 1330 1359 1342 '

272 1424 409 1483 473.
457 1426 525 1482 Et
549 1423 635 1483 hae
663 1435 829 1498 sunt7
861 1445 987 1504 quae
1013 1423 1166 1482 inter
1193 1445 1252 1482 se
1274 1434 1560 1505 pugnant,
1579 1423 1884 1501 doctrinae,
1910 1435 1970 1484 et
1991 1423 2287 1505 dequibus

196 1519 350 1598 viget
380 1521 761 1580 controversia
786 1521 941 1579 inter
972 1518 1293 1579 Catholicos
1322 1530 1379 1578 et
1408 1520 1819 1579 protestantes,
1845 1519 2086 1602 Reliqua
2113 1519 2297 1579 libere

197 1614 260 1672 in
281 1614 485 1673 scholis
521 1617 828 1694 agitantur.
859 1616 1194 1696 Disceptant
1219 1615 1376 1673 enim
1405 1614 1677 1694 Theologi
1701 1614 1970 1674 catholici
1996 1616 2152 1674 inter
2186 1636 2248 1674 se
2277 1634 2290 1672 ε

207 1710 270 1767 10
297 1712 507 1792 Utrum
555 1712 733 1790 gratia
778 1711 1136 1768 sanctificans
1184 1710 1257 1767 sit
1302 1709 1548 1791 qualitas
1597 1709 1832 1791 physica
1877 1710 1973 1771 vel
2006 1709 2241 1770 moralis
2277 1753 2294 1785 7

201 1816 389 1863 creata
425 1805 518 1865 vel
546 1807 793 1865 increata
820 1850 836 1879 7
875 1816 933 1865 et
956 1827 1032 1863 an
1077 1805 1152 1863 sit
1179 1805 1302 1885 ipsa
1346 1806 1590 1885 Spiritus
1621 1808 1817 1865 Sancti
1847 1828 2125 1888 persona,
2169 1826 2300 1888 quae

202 1898 654 1958 substantialiter
684 1901 889 1958 animae
919 1899 1060 1977 justi
1103 1901 1559 1959 communicetur
1591 1915 1834 1982 eamque
1882 1903 2132 1962 vivificet
2169 1899 2300 1980 (2)?

202 1993 271 2050 20
300 1995 509 2051 Utrum
555 1996 731 2073 gratia
783 2016 888 2075 per
921 1993 1164 2052 modum
1199 1993 1432 2052 habitus
1458 1995 1739 2054 inhaereat
1770 1991 1980 2055 animae
2016 1996 2157 2074 justi
2179 2041 2194 2070 7
2221 2017 2298 2055 an

204 2089 395 2167 potius
432 2090 505 2147 sit
549 2091 671 2170 ipsa
726 2091 903 2168 gratia
951 2089 1222 2163 actualis7
1268 2111 1395 2170 quae
1427 2091 1641 2168 jugiter
1683 2090 1890 2150 influat
1928 2093 1991 2150 in
2041 2092 2301 2150 animam

196 2183 338 2258 justi
390 2205 629 2264 eamque
662 2184 969 2243 fecundam
1002 2184 1209 2246 efficiat
1231 2183 1317 2264 (3)
1347 2185 1373 2242 Ρ
1415 2184 1479 2242 30
1509 2186 1719 2243 Utrum
1739 2187 1921 2265 gratia
1946 2186 2068 2244 haec
2097 2185 2303 2244 sancti-

272 2398 346 2463 (Ι)
379 2399 483 2448 Suis
538 2402 646 2449 locis
690 2403 891 2466 apposita
942 2402 1216 2450 documenta

212 2482 471 2531 afferemus.

271 2564 340 2626 (2)
374 2564 469 2612 Cfr.
487 2565 641 2615 Petav.
661 2565 739 2614 De
769 2566 949 2621 Trinit,
970 2567 1055 2617 lib.
1093 2583 1174 2616 vm
1195 2602 1212 2627 ,

209 2661 309 2708 cap.
334 2662 381 2694 ιν
416 2657 459 2693 et
485 2665 612 2712 seqq.
648 2652 723 2696 cui
748 2651 982 2713 praeiverat
999 2648 1215 2713 Magister

207 2725 337 2775 Sent.
370 2727 455 2776 lib.
482 2744 527 2788 ι,
558 2729 665 2778 dist.
698 2739 776 2792 1'7.

271 2808 336 2872 (3)
374 2808 472 2857 Cfr.
491 2808 626 2862 Joan.
659 2811 867 2859 Morinus
893 2814 940 2859 in
960 2811 1212 2859 Commen-

204 2892 328 2937 tario
361 2888 584 2939 historico
608 2891 666 2939 de
692 2891 953 2958 disciplina
983 2896 1039 2940 in
1057 2894 1215 2943 admi-

209 2973 493 3020 nistratione
539 2972 677 3021 Sacr.
729 2975 1038 3022 Poenitentiae
1064 3013 1077 3036 7
1127 2976 1212 3026 lib.

211 3068 316 3111 vm,
343 3070 442 3117 cap.
477 3071 504 3101 2
539 3065 583 3102 et
631 3073 759 3121 seqq.
790 3056 1023 3122 Antwerp.
1063 3054 1216 3113 1682,

209 3138 455 3195 praesertim
491 3154 590 3201 cap.
633 3155 749 3201 vm,
793 3139 875 3186 ubi
919 3139 1144 3204 plurimos
1175 3150 1220 3188 et

210 3213 526 3265 celeberrimos
572 3220 707 3268 refert
763 3220 1059 3270 Scholasticos
1079 3257 1093 3280 7
1139 3224 1219 3287 qui

215 3295 475 3357 affirmant,
500 3317 579 3363 per
607 3301 731 3350 mille
756 3320 890 3367 supra
917 3314 1104 3352 centum
1135 3322 1220 3352 an-

213 3394 299 3424 nos
327 3387 468 3426 totam
495 3374 735 3430 habituum
765 3385 1026 3433 infusorum
1050 3386 1219 3434 doctri·

211 3475 318 3506 nam
330 3462 378 3508 in
393 3461 591 3511 Ecclesia
608 3464 801 3515 latuisse.
820 3466 994 3515 Profert
1007 3479 1218 3533 praeterea

216 3539 398 3603 Patres,
435 3539 518 3608 qui
549 3555 655 3593 aute
683 3547 797 3596 illud
831 3547 1208 3613 tempus>.Sacra-

214 3634 474 3676 mentorum
519 3625 736 3675 effectum
774 3667 787 3688 ‚
848 3630 1052 3679 hominis
1088 3632 1219 3696 impii

207 3705 609 3770 justificationem,
643 3709 751 3759 fidei
789 3701 1073 3779 operumque
1114 3729 1225 3762 nos-

1299 2412 1472 2450 trorum
1501 2405 1718 2451 meritum
1756 2406 1854 2452 sine
1882 2407 2033 2470 gratiae
2060 2404 2306 2453 habitualis

1298 2485 1531 2532 mentione
1561 2484 1849 2549 explicarunt
1868 2524 1881 2547 7
1905 2503 1991 2535 nec
2019 2503 2302 2535 commemo-

1296 2576 1455 2614 rarunt
1498 2568 1584 2614 nisi
1625 2567 1818 2615 actualia
1867 2567 2036 2616 auxilia
2068 2570 2221 2633 gratiae
2262 2578 2308 2616 et

1298 2667 1434 2715 opera
1456 2651 1567 2698 hinc
1583 2651 1799 2716 profecta.
1831 2643 2066 2712 Ostendit,
2092 2648 2306 2699 nondum

1296 2749 1392 2780 esse
1412 2731 1656 2780 definitum
1682 2770 1695 2792 7
1728 2736 1918 2799 gratiam
1945 2732 2230 2781 habitualem
2249 2733 2306 2781 ad

1295 2814 1380 2862 hos
1403 2814 1591 2862 effectus
1621 2832 1716 2863 esse
1745 2818 2078 2879 necessariam3
2113 2822 2160 2863 et
2187 2832 2306 2863 non-

1296 2895 1448 2944 nullos
1479 2895 1699 2945 Doctores
1717 2899 1853 2946 etiam
1871 2915 1998 2945 nunc
2028 2899 2137 2945 istos
2169 2896 2308 2945 effec-

1298 2987 1371 3024 tus
1399 2979 1497 3026 sine
1520 2996 1572 3026 ea
1595 2979 1831 3043 explicare.
1863 2979 2012 3028 Unius
2039 2977 2172 3026 nobis
2203 2981 2309 3025 satis

1301 3059 1362 3104 sit
1383 3076 1439 3106 ex
1466 3068 1532 3106 tot
1545 3058 1836 3107 Scholasticis
1856 3075 1972 3126 quos
1991 3059 2198 3107 Morinus
2225 3058 2309 3106 ad-

1298 3140 1426 3188 ducit
1446 3178 1458 3202 7
1496 3141 1634 3190 verba
1651 3142 1853 3206 proferre
1873 3179 1886 3202 7
1909 3158 2075 3205 nempe
2090 3139 2308 3188 'Barthol-

1300 3221 1497 3270 Medinae
1529 3222 1642 3271 Ord.
1687 3224 1833 3271 Praed.
1871 3226 2030 3289 quiin
2075 3238 2091 3269 1
2119 3260 2132 3282 7
2165 3238 2216 3281 27
2257 3239 2307 3286 q.

1307 3320 1324 3350 1
1344 3319 1399 3351 10
1425 3343 1437 3365 7
1468 3323 1515 3353 a.
1556 3321 1585 3352 2
1605 3341 1618 3364 7
1648 3304 1705 3352 de
1747 3314 1839 3352 tota
1877 3305 2086 3353 doctrina
2124 3306 2208 3352 ista
2244 3305 2311 3354 sic

1304 3388 1462 3436 scribit
1490 3404 1504 3435 :
1536 3385 1759 3434 Secunda
1796 3385 2055 3435 conclusio.
2086 3383 2202 3435 Non
2237 3392 2306 3433 est

1301 3476 1483 3517 certum
1525 3468 1787 3516 secundum
1846 3467 2114 3517 doctrinam
2148 3466 2270 3529 fidei
2289 3500 2305 3526 ‚

1302 3549 1428 3614 quod
1468 3551 1627 3613 qratia
1671 3551 1738 3598 sit
1783 3549 1976 3598 habitus
2016 3546 2210 3614 insuaue
2252 3546 2310 3593 in
2395 3569 2402 3578 ·

1301 3632 1468 3679 anima
1503 3631 1760 3681 inhoerem.
1798 3629 2034 3680 Nam'hoc
2071 3644 2171 3677 non
2217 3625 2311 3675 col-

1306 3712 1477 3776 liqitur
1505 3730 1563 3762 σω
1599 3713 1765 3763 Sacris
1796 3714 1995 3764 Litteris
2020 3744 2038 3773 ,v
2067 3726 2216 3775 neque
2254 3720 2313 3756 eat
