2540 4074
2077 178 2188 237 129

362 194 522 236 PART.
568 198 608 234 1.
653 197 773 235 ΟΔΡ.
820 194 899 234 IV.
945 195 1012 230 DE
1054 194 1281 233 NATURA
1333 195 1606 237 nrmvts.
1656 197 1820 235 GRAT.
1863 198 1983 237 lt'rc.

126 337 409 396 Liberum
449 357 581 417 erqo
601 378 624 407 ,
675 335 900 416 inquit,
946 328 1276 394 arbitrium
1325 356 1680 396 evacuamus
1723 359 1836 416 per
1872 341 2190 433 qratiam?

127 433 336 504 Absit,
372 431 475 491 sed
494 433 685 508 magis
711 429 968 499 liberum
994 431 1321 489 arhi’tmum
1346 435 1665 490 statuimus
1697 431 1806 512 (l).

886 604 1284 658 PROPOSITIO
1360 606 1428 659 II.

127 745 343 805 Gratia
367 743 564 820 efficaa
588 763 708 801 non
743 747 1007 802 consistit
1030 749 1099 802 in
1124 746 1492 804 delectatione
1517 747 1730 804 coelesti
1758 749 2151 809 indeliberata
2171 766 2188 825 3

179 830 502 914 *superiori
517 880 533 910 ,
564 847 618 893 et
636 838 872 895 relative
896 838 981 895 ad
1001 842 1292 895 minorem
1315 842 1639 915 oppositam
1664 846 2198 919 concupiscentiam

200 933 439 988 victrici
458 974 473 1003 ,
511 931 862 989 voluntatem
900 931 986 988 acl
1014 951 1318 988 assensum
1346 935 1666 989 necessario
1693 936 2034 1011 impellente.

198 1102 335 1160 282.
379 1103 694 1183 Propositio
735 1102 856 1162 haec
902 1113 989 1161 est
1022 1101 1096 1161 de
1137 1100 1249 1160 fide
1293 1100 1564 1164 adversus
1599 1104 1938 1164 Jansenium
1966 1149 1988 1177 ,
2027 1112 2185 1186 cujus

122 1195 375 1276 quinque
399 1196 817 1276 propositiones
838 1240 854 1267 ,
884 1217 1023 1275 quas
1039 1195 1349 1254 referemus
1377 1240 1391 1267 ‚
1420 1207 1696 1276 tanquam
1723 1199 2005 1258 haereticae
2027 1201 2194 1262 dam-

120 1299 268 1348 natae
291 1300 427 1347 sunt
465 1311 495 1347 a
532 1289 800 1348 Romanis
839 1288 1240 1364 PontificibuS‚
1281 1311 1527 1370 quorum
1553 1291 1838 1368 judicium
1880 1297 2102 1374 excepit
2134 1308 2193 1355 et

122 1381 393 1465 probavit
421 1384 691 1444 universa
716 1382 957 1441 Ecclesia
987 1383 1394 1464 (2).1d1psum
1424 1394 1584 1464 patet
1610 1406 1680 1443 ex
1704 1407 1918 1446 canone
1942 1391 2200 1470 superius

120 1475 302 1536 relato
331 1477 565 1536 Concilii
586 1476 931 1550 Tridentini,
964 1477 1025 1534 in
1068 1499 1180 1558 quo
1218 1477 1569 1536 anathema*
1555 1479 1622 1536 lis
1645 1478 1853 1538 dicitur
1874 1525 1889 1555 ‚
1907 1483 2015 1562 qui
2038 1505 2192 1543 asse-

120 1582 261 1629 runt
280 1592 386 1652 per
406 1571 645 1651 gratiam
671 1553 795 1629 tolli
818 1569 1063 1630 liberum
1090 1570 1390 1629 arbitrium
1416 1570 1526 1651 (3).

189 1759 257 1824 (l)
294 1760 398 1809 Lib.
425 1758 505 1808 De
530 1761 692 1826 spirit.
721 1767 764 1808 et
790 1759 879 1812 litt.
907 1777 1010 1826 cap.
1033 1761 1114 1809 30.

121 1842 219 1890 Csr.
259 1841 452 1889 Tricass.
485 1858 562 1905 op.
603 1843 678 1889 cit.
716 1850 804 1888 tota
836 1851 965 1905 parte
997 1858 1034 1889 11
1070 1844 1120 1888 in

120 1938 210 1988 qua
243 1923 468 1985 octoginta
519 1923 796 1984 argumentis
837 1937 903 1980 ex,
932 1920 979 1967 S.
1025 1919 1120 1968 Au-

119 2003 297 2067 gustino
313 2001 590 2066 depromptis
610 1999 869 2049 luculenter
885 2000 1083 2048 ostendit
1102 2035 1115 2059 ‚

121 2082 168 2133 S.
206 2081 451 2131 Doctorem
490 2090 752 2129 constanter
784 2080 1117 2129 indifferentem

99 2152 105 2155 ³
122 2163 371 2212 voluntatis
386 2162 598 2210 humanae.
609 2162 862 2210 libertatem
879 2161 964 2209 sub
977 2163 1118 2226 gratia

121 2244 422 2310 praedicasse3
456 2254 554 2291 tum
588 2253 715 2307 parte
747 2245 904 2300 tertia,
942 2244 994 2289 in
1028 2259 1119 2307 qua

123 2325 384 2390 plenissime
413 2324 547 2372 solvit
560 2323 848 2371 difficultates
877 2321 1056 2370 Calvini
1077 2332 1137 2370 et¹

122 2406 343 2475 Jansenii.
382 2405 488 2453 Vid.
523 2415 731 2469 praeterea
760 2403 933 2469 Maffeji
972 2420 1116 2468 opus,

123 2486 208 2537 lib.
244 2503 339 2536 xlv.

192 2568 260 2633 (2)
282 2567 380 2617 cfr.
415 2566 644 2635 Tournely
666 2600 682 2625 ‚
710 2564 861 2617 Tract.
890 2563 972 2612 De
995 2572 1118 2628 qrat-

125 2658 276 2714 part.1
300 2683 314 2708 ,
333 2658 490 2714 quaest.
523 2649 572 2696 in
587 2683 604 2708 ,
631 2646 711 2695 De
736 2645 966 2694 Jansenio
996 2682 1009 2705 ,
1039 2644 1122 2693 ubi

126 2731 215 2778 late
243 2738 386 2777 totam
423 2730 660 2777 historiam
686 2725 958 2776 Jansenismi
998 2729 1120 2791 ejus-

124 2827 213 2876 que
228 2810 531 2858 damnationis
544 2811 849 2875 prosequitur.
867 2806 965 2856 Cfr.
980 2810 1119 2856 etiam

121 2891 410 2955 Dechamps,
444 2907 517 2956 op.
549 2894 630 2940 cit.
661 2890 869 2954 Proefat.

197 2970 260 3034 (3)
294 2971 474 3020 Frustra
517 2970 779 3020 Janseniani
816 2988 868 3020 eo
905 2980 1120 3035 praetextu

126 3053 392 3102 adnituntur
450 3070 499 3102 se
543 3054 815 3103 anathemati
862 3053 1119 3101 Tridentini

126 3133 322 3182 Concilii
363 3134 615 3183 subducere
640 3171 654 3194 ‚
707 3133 834 3200 quo'd
875 3132 1120 3182 ,Jansenius

129 3216 392 3280 profiteatur
424 3232 472 3264 se
505 3215 702 3264 liberum
732 3214 969 3263 arbitrium
1004 3217 1122 3262 tueri

131 3296 217 3344 sub
234 3297 374 3361 gratia
392 3331 406 3356 ,
433 3297 540 3361 quia
565 3298 652 3360 ipsi
668 3313 765 3344 non
780 3297 1022 3360 opponitur
1034 3296 1123 3342 nisi

132 3378 304 3428 coactio
322 3412 334 3436 ‚
349 3386 610 3424 nouantem
635 3379 896 3425 necessitas.
917 3375 1119 3435 Frustra,

1199 1778 1338 1826 quam
1376 1761 1499 1826 quod
1531 1763 1738 1810 immune
1777 1773 1842 1810 est
1873 1782 1898 1811 a
1927 1767 2161 1815 coactione
2180 1804 2195 1827 ‚

1199 1857 1300 1907 quae
1314 1841 1406 1888 sola
1421 1858 1535 1889 verae
1557 1842 1751 1890 libertati
1780 1846 2039 1907 opponitur.
2062 1845 2198 1894 Plura

1199 1937 1380 1985 possem
1405 1921 1463 1968 ad
1509 1922 1597 1969 hoc
1625 1924 1960 1971 ostendendum
1997 1942 2054 1973 ex
2092 1926 2201 1974 Cal-

1198 2003 1304 2049 vino
1342 2003 1599 2049 testimonia
1638 2019 1849 2065 promere
1883 2022 1898 2067 3
1937 2005 2014 2053 sed
2046 2007 2197 2066 istud,

1199 2099 1259 2129 ne
1284 2084 1454 2129 nimius
1482 2085 1569 2129 sim
1591 2119 1603 2142 ‚
1629 2083 1855 2142 sufficiat,
1895 2087 2020 2150 quod
2047 2096 2195 2147 extat,

1197 2162 1366 2211 Instit.
1393 2162 1477 2210 lib.
1506 2179 1566 2222 11,
1611 2180 1711 2226 cap.
1732 2164 1761 2211 3
1783 2201 1794 2222 ‚
1840 2163 1865 2229 S
1910 2162 1973 2213 5:
2009 2162 2190 2226 Porro,

1197 2246 1377 2309 inquit,
1418 2243 1542 2307 quod
1574 2242 1785 2291 libertate
1810 2245 2078 2293 abdicatam
2116 2263 2197 2294 vo-

1198 2323 1423 2371 luntatem
1465 2323 1569 2371 dico
1616 2326 1888 2372 necessitate
1933 2328 1988 2372 in
2019 2326 2198 2374 malum

1198 2403 1272 2451 vel
1299 2404 1430 2451 trahi
1458 2403 1533 2451 vel
1560 2403 1676 2451 duci
1696 2441 1709 2463 ‚
1744 2406 1922 2451 mirum
1949 2414 2018 2452 est
2041 2409 2088 2453 si
2116 2409 2200 2454 cui

1198 2484 1418 2532 videatur
1455 2501 1621 2549 aspera
1675 2484 1884 2547 loquutio
1908 2510 1929 2545 ‚·
1961 2503 2067 2549 quw
2106 2470 2193 2535 nec

1198 2565 1427 2613 absonum
1491 2563 1627 2612 habet
1666 2564 1919 2630 quidpiam
1950 2599 1966 2623 ,
2037 2583 2123 2613 nec
2165 2583 2198 2614 a

1197 2654 1467 2693 sanctorum
1503 2661 1596 2692 usu
1626 2643 1792 2718 'aliena
1841 2653 1926 2692 est.
1977 2644 2197 2712 Offendit

1197 2734 1354 2774 autem
1394 2741 1468 2772 eos
1483 2759 1498 2785 ‚
1533 2727 1621 2788 qui
1650 2726 1776 2771 inter
1804 2727 2121 2774 necessitatem
2148 2735 2195 2774 et

1197 2808 1482 2856 coactionem
1530 2805 1822 2869 distinquere
1848 2808 2085 2855 nesciunt.
2121 2806 2192 2854 At

1198 2889 1245 2935 si
1273 2889 1381 2951 quis
1413 2903 1488 2934 eos
1515 2887 1767 2950 interroqet
1792 2903 1806 2932 :
1845 2886 2028 2933 Annon
2057 2887 2195 2934 Deus

1199 2968 1460 3016 necessario
1489 2967 1639 3015 bonus
1674 2967 1738 3012 sit
1757 2966 1791 3012 Ρ
1815 2965 1996 3012 Annon
2027 2966 2195 3015 diabo-

1198 3047 1271 3096 lus
1297 3049 1557 3096 necessario
1586 3045 1740 3092 malas
1755 3048 1836 3093 ?...
1868 3044 2004 3109 Erqo
2021 3083 2035 3105 ‚
2067 3048 2114 3094 si
2131 3047 2193 3095 li·-

1197 3129 1356 3177 beram
1372 3127 1473 3174 Dei
1489 3126 1770 3174 voluntatem
1799 3126 1854 3172 in
1868 3125 1984 3173 bene
2010 3127 2193 3190 aqendo

1199 3226 1297 3258 non
1319 3207 1549 3273 impedit,
1586 3206 1712 3271 qaod
1741 3222 1922 3254 necesse
1951 3214 2020 3253 est
2057 3206 2195 3256 illum

1201 3292 1317 3340 bene
1346 3305 1483 3352 aqere
1518 3289 1583 3351 ;si
1598 3286 1846 3346 diabolus,
1880 3289 1968 3351 qui
2000 3291 2202 3336 nonnisi

1203 3370 1324 3418 male
1359 3385 1496 3434 aqere
1534 3376 1686 3434 potest
1702 3404 1716 3428 ,
1766 3368 2001 3417 voluntate
2038 3377 2197 3417 tamen

130 3459 355 3522 inquam,
383 3459 489 3523 quia
515 3456 730 3506 Calvinus
761 3459 856 3521 ipse
882 3456 1001 3504 ultro
1031 3456 1126 3503 fas·
1192 3459 1358 3519 peccat
1385 3485 1403 3511 ,
1445 3450 1553 3513 quis
1597 3448 1836 3496 hominem
1876 3449 1982 3496 ideo
2033 3451 2197 3497 minus
2267 3511 2271 3515 ⁴

134 3555 211 3586 sus
239 3547 334 3598 est,
366 3547 410 3586 et
440 3538 636 3603 quidem>
657 3539 903 3602 saepissime
918 3573 933 3595 ‚
965 3553 1011 3585 se
1030 3552 1124 3583 non
1201 3531 1463 3581 voluntarie
1475 3546 1673 3596 peccare
1689 3528 1843 3600 dicet,
1865 3529 1991 3594 quod
2009 3531 2074 3577 sit
2079 3547 2194 3595 pec-

137 3617 263 3667 aliud
303 3618 539 3667 admittere
595 3617 793 3667 liberum
848 3616 1121 3679 arbitrium,
1204 3613 1356 3664 candi
1375 3612 1646 3660 necessitati
1665 3610 1936 3660 obnoxius?
1961 3610 2052 3660 Sed
2071 3611 2199 3660 cohi-

298 3697 364 3756 T.
414 3698 479 3756 V.
1924 3690 1961 3747 9
