2540 4074
2163 137 2240 197 45

539 159 694 198 PART.
740 160 783 196 1.
830 159 953 197 GAP.
1000 157 1059 196 11.
1103 159 1171 196 DE
1215 157 1432 198 GRATIAE
1473 157 1848 196 NECESSITATE.

156 301 490 383 apostolicos
526 298 790 358 homines
829 297 986 378 prius
1027 298 1089 356 in
1121 297 1181 356 id
1219 295 1553 386 incumbere
1592 295 1803 356 debere
1831 340 1848 370 ,
1887 306 1952 354 ut
1987 316 2020 355 e
2057 295 2240 376 sylve-

155 395 366 454 stribus
395 393 644 454 efficiant
675 391 940 450 homines
968 435 983 464 ,
1024 402 1091 450 ut
1120 392 1200 450 ita
1230 390 1415 450 dicam
1434 435 1450 464 ‚
1474 389 1781 450 rationales
1802 435 1819 466 ,
1859 389 2070 450 deinde
2106 412 2242 451 vero

158 477 779 550 efficiant‘Christianos
812 500 918 567 per
953 484 1341 565 evangelicam
1383 485 1872 567 praedicationem.

160 635 163 638 ,
238 583 334 643 87.
378 583 432 640 S.
472 579 802 640 Ambrosius
835 579 1094 661 loquitur
1128 579 1200 639 de
1223 580 1432 638 merito
1460 601 1566 661 per
1606 581 1847 660 gratiam
1884 591 2238 662 comparatO,

158 690 216 739 et
256 672 493 758 quidem
529 675 842 755 improprie
876 685 1130 756 sumpto.
1173 672 1504 733 Absurdum
1553 670 1725 733 enim*
1751 686 1839 733 est
1874 675 2202 735 existimare
2225 721 2240 750 ,

158 771 416 832 ethnicos
456 769 806 850 praesertim,
841 791 911 828 ex
946 767 1153 850 quibus
1181 788 1288 848 pro
1324 768 1526 844 majori
1556 789 1799 827 numero
1832 769 2042 827 coaluit
2063 769 2246 829 Eccle-

159 865 238 924 sia
259 910 274 937 ,
312 886 383 924 ex
414 865 650 946 propria
682 860 897 924 virtute
933 884 1035 921 sua
1068 861 1399 942 quaesivisse
1444 881 1507 919 ac
1546 860 1896 921 desiderasse
1943 862 2200 923 Verbum
2226 908 2243 939 ,

159 958 314 1041 quod
348 957 695 1038 ignorabant
724 1004 739 1033 .,
775 958 1018 1038 ideoque
1057 956 1334 1015 meruisse
1376 955 1676 1014 Christum
1717 956 1826 1036 (l).

239 1053 335 1112 88.
381 1056 438 1112 S.
480 1054 725 1135 Optatus
766 1075 885 1114 non
916 1051 1158 1131 ¹disserit
1202 1050 1274 1108 de
1313 1049 1664 1131 perfectione
1688 1094 1705 1125 ,
1751 1050 1994 1132 ideoque
2034 1073 2140 1112 nec
2174 1052 2246 1112 de

159 1147 458 1209 voluntate
493 1148 555 1205 in
597 1162 770 1207 sensu
808 1144 1433 1227 semipelagianorum,
1473 1144 1574 1203 sed
1621 1144 1692 1203 de
1735 1166 1799 1204 ea
1843 1147 2196 1227 perfectione
2230 1192 2246 1222 .‚

156 1262 283 1325 quae
338 1242 568 1300 nullum
613 1231 869 1299 admittit
910 1251 1212 1322 peccatum
1236 1283 1252 1314 ,
1305 1260 1479 1319 quam
1514 1250 1751 1320 excepto
1790 1240 2013 1299 Christo
2043 1243 2105 1300 in
2132 1253 2251 1301 ter—

160 1338 237 1395 ris
272 1359 445 1396 nemo
472 1336 676 1395 habuit
697 1382 712 1411 ,
760 1335 862 1395 sed
901 1334 1087 1393 solum
1114 1335 1175 1393 in
1218 1333 1374 1393 coelis
1410 1346 1702 1393 reservata
1748 1336 1931 1393 Beatis
1962 1348 2063 1395 est.
2102 1338 2251 1396 Cum

162 1453 295 1512 ergo
330 1431 505 1505 dixit,
536 1431 785 1490 hominis
817 1429 1112 1511 christiani
1149 1450 1269 1488 esse
1302 1427 1525 1486 bonum
1559 1428 1707 1489 velle
1732 1442 1789 1488 et
1817 1430 1963 1488 illud
1991 1433 2248 1511 operari,

163 1547 283 1585 non
310 1525 381 1584 de
410 1526 568 1585 nudo
596 1525 858 1601 arbitriO,
891 1525 993 1583 sed
1027 1524 1099 1583 de
1127 1523 1449 1582 Christiano
1473 1568 1488 1596 ‚
1522 1524 1621 1605 qui
1643 1528 1768 1602 jam
1801 1525 2116 1584 instructus
2140 1526 2252 1585 fide

165 1620 240 1678 sit
274 1630 331 1678 et
355 1619 563 1678 Christi
598 1619 762 1678 donis
787 1664 803 1695 ,
830 1618 1116 1678 intellexit
1150 1619 1256 1697 (2).

242 1713 339 1772 89.
388 1713 579 1773 Verba
617 1716 670 1772 S.
715 1714 1050 1792 Hieronymi
1084 1713 1132 1770 si
1164 1713 1439 1771 attentius
1479 1714 1979 1795 introspiciantur,
2027 1715 2252 1775 nullam

161 1828 282 1888 prae
324 1829 383 1866 se
416 1810 610 1867 ferunt
659 1807 1100 1879 difficultatam3
1148 1827 1280 1865 cum
1315 1808 1436 1887 ipse
1474 1830 1595 1866 non
1635 1808 1899 1868 excludat
1937 1832 1968 1868 a
2011 1810 2206 1870 labore
2237 1857 2253 1884 ,

162 1898 455 1979 diligentia
498 1922 564 1960 ac
599 1900 881 1960 industria
918 1912 1115 1959 nostra
1157 1902 1353 1981 gratiae
1398 1900 1754 1976 subsidium,
1798 1904 1899 1962 sed
1938 1916 2135 1986 aperte
2170 1907 2257 1963 in-

230 2065 294 2129 (l)
332 2066 403 2113 lbi
447 2065 495 2114 S.
547 2065 753 2125 Doctor,
796 2081 877 2114 seu
916 2068 1065 2132 quivis
1109 2068 1167 2114 sit

139 2158 319 2196 ,auctor
349 2148 488 2214 hujus
525 2149 741 2213 apologiae
767 2184 780 2207 ,
814 2150 997 2213 exponit
1031 2165 1166 2196 sensu

165 2233 357 2294 mystico
387 2239 430 2277 et
460 2229 698 2294 allegorico
733 2229 911 2293 lapsum
948 2212 1164 2288 Davidis‚

164 2321 300 2376 atque
329 2299 538 2358 Ecclesiae
570 2311 917 2371 accommodat,
945 2311 1071 2376 quod
1111 2310 1168 2358 de

164 2391 416 2441 Bethsabee
453 2393 617 2456 legitur
652 2395 702 2440 in
733 2391 977 2457 Scriptura.
1015 2394 1169 2456 Agno-

167 2476 281 2523 visse
303 2481 461 2522 autem
483 2484 711 2522 auctorem
738 2474 865 2522 hunc
880 2510 893 2532 ,
919 2473 1169 2522 Ecclesiam

170 2571 264 2602 non
291 2558 390 2604 sine
418 2558 571 2620 gratiae
595 2555 800 2620 praesidio
820 2555 1052 2603 Christum
1072 2572 1170 2604 me·

171 2637 344 2696 ruisse,
379 2637 530 2685 latiori
559 2636 730 2685 scilicet
757 2653 894 2684 sensu
914 2672 928 2694 ,
959 2646 1083 2700 patet
1113 2653 1171 2686 ex

103 2740 107 2744 ·
172 2716 320 2764 verbis
337 2735 389 2765 n.
412 2715 478 2784 46
498 2755 510 2777 ,
533 2717 627 2766 ubi.
638 2717 794 2766 scribit
818 2734 831 2766 τ
857 2715 1174 2765 Obliviseitur

170 2799 300 2846 enim
310 2815 401 2863 per
420 2801 630 2863 qratiam
649 2837 662 2859 ,
691 2798 818 2864 quod
845 2797 1069 2847 hauserat
1082 2815 1175 2864 per

169 2888 416 2929 naturam.

240 2961 303 3024 (2)
338 2960 389 3009 Id
421 2971 540 3026 patet
577 2978 633 3010 ex
666 2972 912 3024 contextu3
947 2964 1013 3010 sic
1049 2964 1174 3011 enim

173 3045 362 3108 insurgit
397 3045 459 3111 in·
482 3044 741 3093 Donatistae
784 3061 798 3092 ε
843 3043 914 3092 Et
937 3045 1067 3110 jam.
1094 3060 1174 3092 vos

173 3125 274 3189 ipsi
294 3162 306 3182 ‚
347 3128 434 3187 qui
459 3127 618 3173 sancti
653 3135 696 3173 et
722 3127 994 3173 innocentes
1022 3125 1179 3173 videri
1210 3137 1213 3140 ·

175 3204 235 3251 ab
274 3204 549 3253 hominibus
593 3206 740 3254 vultis
763 3245 777 3266 ,
829 3207 972 3254 dicite
991 3242 1007 3267 ,
1051 3206 1178 3254 unde

174 3295 241 3334 est
268 3288 360 3333 ista
390 3288 620 3334 sanctitas
640 3323 653 3349 ,
688 3304 832 3352 qaam
870 3287 998 3335 vobis
1030 3284 1178 3335 licen-

175 3369 303 3414 stius
332 3369 610 3433 usurpatis?
631 3385 774 3432 quam
797 3368 1013 3417 Joannes
1044 3368 1179 3435 Apo-

181 3449 327 3498 stolus
357 3450 576 3514 profiteri
609 3466 708 3498 non
733 3450 876 3499 audet
896 3488 908 3509 ,
935 3452 1020 3515 qui
1054 3452 1128 3499 ait
1164 3471 1179 3496 .-

178 3530 238 3576 Si
275 3525 543 3578 dixerimus
567 3568 582 3591 ‚
627 3539 714 3579 ete.
750 3531 860 3579 Hae
895 3533 984 3596 qui
1014 3531 1143 3580 dimit
1166 3567 1179 3590 ,

178 3612 418 3676 sapienter
442 3627 491 3661 se
517 3611 583 3663 ad
608 3612 711 3662 Dei
732 3613 944 3678 qratiam
971 3627 1184 3663 reserva-

1248 2066 1358 2114 vit..
1392 2064 1570 2114 Deinde
1603 2066 1759 2133 adjicit
1791 2067 1963 2128 verba,
2002 2086 2101 2133 quae
2138 2069 2259 2135 obji-

1250 2150 1435 2195 ciuntur
1455 2165 1469 2210 3
1488 2149 1675 2195 tandem
1704 2150 1933 2198 concludit
1957 2167 1969 2198 :
2001 2150 2133 2214 Quia
2158 2154 2259 2216 ipse

1250 2227 1375 2275 solus
1402 2227 1578 2295 (Deus)
1604 2238 1670 2277 est
1676 2231 1903 2295 perfectio
1918 2268 1931 2290 ,
1964 2241 2007 2278 et
2020 2232 2259 2296 perfectus

1251 2309 1377 2357 solus
1413 2310 1515 2358 Dei
1540 2310 1591 2358 F
1593 2311 1709 2358 ilius
1734 2312 1967 2359 Christus.
1994 2313 2149 2361 Ceteri
2169 2331 2259 2361 om-

1251 2408 1336 2439 nes
1360 2392 1677 2457 semiperfecti
1701 2409 1884 2441 sumus.
1908 2394 2027 2442 Hinc
2057 2396 2258 2442 admira·

1256 2476 1388 2520 tionis
1400 2490 1532 2521 causa
1550 2485 1634 2535 est,
1655 2475 1781 2537 quod
1802 2474 1973 2523 Natalis
1990 2477 2123 2524 Alex.
2148 2480 2260 2525 scri-

1253 2553 1360 2602 bere
1386 2558 1584 2619 potuerit
1605 2572 1618 2602 ε
1636 2553 1741 2602 His
1752 2555 1906 2602 verbis
1913 2558 2261 2621 praeformatus

1253 2634 1441 2683 videtur
1462 2635 1956 2702 Semipelayianorum
1975 2655 2104 2685 error
2120 2677 2130 2697 ‚
2153 2642 2260 2686 visc-

1254 2734 1342 2781 que
1367 2719 1423 2763 in
1454 2717 1630 2764 bonum
1673 2734 1865 2766 sens-um
1897 2719 2031 2782 flecti
2059 2728 2263 2784 possunt

1257 2799 1271 2861 (
1297 2798 1482 2846 Dissert.
1530 2798 1608 2844 De
1649 2815 1824 2847 necess.
1869 2808 1991 2863 qrat.
2057 2812 2141 2848 art.
2188 2818 2223 2848 ιι
2242 2837 2258 2862 ,

1257 2891 1415 2945 quaest.
1449 2896 1508 2927 22
1528 2917 1540 2938 ,
1574 2884 1623 2927 in
1647 2881 1787 2928 secul.
1819 2883 1889 2943 v).
1914 2881 2041 2929 idem
2064 2882 2156 2930 fere
2181 2887 2261 2947 ju-

1258 2964 1426 3011 dicium
1456 2963 1562 3011 tulit
1591 2963 1769 3026 Remig.
1803 2963 1996 3022 CelIier,
2019 2964 2154 3011 Hist.
2179 2965 2263 3012 des

1257 3053 1451 3092 auteurs
1477 3043 1848 3107 ecelesiastiques
1865 3081 1877 3102 ,
1911 3055 2022 3092 tom.
2049 3062 2094 3092 v1
2113 3083 2125 3102 ‚
2158 3064 2260 3110 pag.

1258 3123 1350 3192 671
1375 3160 1388 3183 ,
1420 3124 1529 3172 dum
1558 3127 1731 3188 scripsit
1763 3141 1777 3172 z
1811 3124 1858 3171 Il
1873 3125 2077 3190 pretend
2102 3136 2261 3174 contre

1259 3206 1305 3254 la
1321 3206 1531 3253 doctrine
1547 3205 1603 3252 de
1621 3206 1751 3252 saint
1768 3205 1924 3266 Paul,
1943 3224 2031 3271 que
2045 3206 2264 3256 l’komme

1259 3287 1410 3334 tomba
1445 3285 1821 3334 non-seulement
1853 3296 1971 3351 peut
2007 3287 2190 3335 vouloir
2225 3287 2267 3335 le

1260 3368 1369 3415 bien
1397 3367 1453 3415 de
1477 3367 1720 3415 lui-meme
1740 3405 1753 3427 ,
1779 3370 1903 3417 mais
1920 3370 2056 3417 aussi
2076 3369 2266 3416 s'avan-

1262 3465 1341 3497 cer
1373 3448 1493 3497 dans
1530 3447 1573 3496 le
1608 3448 1738 3499 bien.
1779 3449 1861 3499 Ast
1899 3451 2002 3499 talis
2044 3467 2142 3499 non
2182 3450 2270 3497 fuit

1264 3549 1392 3581 mens
1423 3530 1477 3580 S.
1505 3529 1676 3595 optati.
