2430 4056
211 171 329 232 258
987 181 1178 223 maor.
1224 185 1292 222 nn
1331 158 1560 235 anun.

216 332 309 393 vel
334 331 436 390 Dei
453 325 740 410 perfidem
760 321 1121 404 apprehensa
1148 333 1207 381 et
1230 322 1534 402 imputata.
1554 325 1746 385 Tertio
1764 322 2151 399 contendunt,
2166 325 2317 390 hane

211 423 680 506 justificationem
707 439 829 477 esse
861 415 1322 489 inamissibilem,
1356 417 1467 476 nisi
1492 418 1633 481 fides
1667 420 1789 501 ipsa
1814 419 2132 494 amittatur,
2149 424 2319 497 juxta

215 520 570 581 Lutheranos
596 533 804 594 parum
837 511 944 569 sibi
974 511 1326 579 cohaerentes
1347 556 1364 585 .,
1409 510 1503 573 vel
1543 513 1982 574 inamissibilem
2010 513 2272 576 absolute
2297 561 2314 591 ‚

206 623 368 694 juxta
405 610 764 669 Reformatos
796 627 896 665 seu
933 605 1299 689 CalvinistaS.
1870 604 1878 609 ’

287 707 423 764 566.
472 705 596 776 Quo
628 722 762 762 vero
796 699 1000 759 melius
1035 697 1408 779 cognoscatur
1442 721 1626 758 nexus
1652 699 1864 760 harum
1893 702 2318 784 proprietatum

197 797 618 879 justificationis
669 817 800 854 cum
862 794 1099 875 reliquis
1146 795 1320 853 totius
1362 816 1562 853 eorum
1622 798 1951 874 'systematis
2005 797 2270 879 partibus
2299 845 2317 874 ‚

202 893 591 956 revocandum
631 892 692 949 in
722 902 980 950 mentem
1007 900 1095 948 est
1126 901 1314 948 totum
1345 891 1644 969 negotium
1671 892 2096 967 justificationis
2129 916 2159 952 a
2195 897 2318 953 Deo

202 991 322 1075 solo
366 989 550 1049 active
592 987 789 1069 peragi
838 987 901 1043 in
941 985 1214 1060 homine,
1266 987 1364 1066 qui
1407 985 1669 1066 passivus
1713 997 1822 1044 est.
1877 988 2092 1049 Eadem
2139 1011 2314 1070 porro

201 1087 422 1145 ratione
442 1130 457 1158 ,
506 1104 618 1164 qua
646 1084 797 1140 Deus
828 1079 981 1138 solus
1015 1081 1193 1160 coepit
1227 1079 1734 1157 justificationem,
1771 1081 2085 1160 injiciendo
2117 1083 2177 1142 in
2203 1083 2315 1142 ho-

203 1183 420 1240 minem
449 1178 621 1236 fidem
640 1222 656 1250 ‚
686 1199 797 1256 qua
822 1174 1283 1257 apprehenditur
1315 1173 1701 1235 misericordia
1719 1186 1821 1237 aut
1841 1177 2068 1254 justitia
2101 1176 2315 1236 Christi

201 1275 551 1356 imputativa
573 1318 589 1346 7
642 1272 831 1352 pergit
891 1274 1043 1329 Deus
1091 1271 1214 1350 ipse
1268 1272 1331 1328 in
1359 1270 1623 1352 *homine
1671 1271 1985 1348 justificato
2036 1271 2271 1331 credere
2293 1317 2311 1349 ‚

109 1419 118 1429 .
201 1390 430 1451 sperare
454 1412 475 1440 ,
509 1379 614 1426 eto.
648 1367 809 1447 quasi
850 1366 1203 1447 principium
1242 1366 1629 1424 extrinsecum
1674 1367 1783 1445 (l).
1826 1367 1972 1426 Cum
2015 1388 2153 1428 vero
2187 1366 2313 1427 haee

190 1464 411 1542 justitia
461 1462 673 1521 Christi
709 1460 1071 1541 apprehensa
1114 1472 1173 1518 et
1200 1461 1546 1541 imputativa
1590 1482 1711 1519 non
1748 1460 1914 1519 tollat
1965 1460 2038 1519 ab
2070 1461 2309 1520 homine

198 1581 304 1618 nee
333 1559 592 1617 destruat
636 1566 938 1637 peccatum
971 1554 1246 1634 originale
1288 1576 1421 1614 eum
1455 1556 1570 1613 suis
1610 1554 2172 1614 manifestationibus
2208 1576 2310 1614 seu

198 1654 444 1734 peccatis
491 1649 807 1710 actualibus
832 1694 847 1724 ‚
898 1650 1087 1730 pergit
1131 1662 1435 1731 peecatum
1479 1650 1755 1730 originale
1790 1673 1850 1710 se
1893 1651 2306 1724 manifestare3

194 1760 368 1829 prout
416 1767 474 1805 se
524 1746 740 1826 pariter
779 1744 953 1822 signis
1001 1745 1255 1803 externis
1306 1746 1644 1804 manifestat
1686 1746 1905 1824 justitia
1958 1746 2308 1827 imputativa

193 1843 414 1900 homini
453 1840 871 1898 communicata
902 1861 1006 1920 per
1033 1839 1209 1898 fidem
1231 1885 1246 1915 .,
1274 1861 1438 1921 spem
1456 1885 1471 1913 ,
1501 1840 1904 1916 dilectionem,
1930 1862 2105 1922 opera
2130 1839 2305 1899 bona.

194 1938 340 1995 Hine
387 1935 511 1992 duae
551 1935 674 1992 istae
708 1934 1202 1993 manifestationes
1242 1934 1416 1993 simul
1456 1935 1519 1992 in
1561 1956 1681 1992 uno
1717 1934 2040 2015 eodemque
2064 1934 2304 1993 homine
2373 1982 2379 1990 .

191 2032 352 2111 lapso
383 2041 440 2088 et
465 2029 776 2104 justificato
799 2029 1125 2086 consistunt
1145 2074 1160 2102 7
1187 2051 1414 2087 summa
1438 2050 1652 2110 nempe
1677 2027 1889 2109 flagitia
1913 2050 2046 2088 cum
2076 2051 2303 2087 summa

190 2125 530 2195 sanctitate3
571 2122 816 2201 flagitia,
867 2145 994 2203 quae
1028 2122 1281 2180 hominis
1328 2134 1502 2197 sunt7
1541 2145 1646 2183 neo
1692 2134 1891 2182 tamen
1933 2124 2304 2205 imputantur

191 2220 266 2277 ad
288 2239 534 2299 poenam
565 2238 670 2298 per
712 2216 918 2288 fidem,
952 2237 1075 2296 quae
1100 2229 1442 2298 permanet3
1477 2229 1534 2276 et
1569 2220 1877 2291 sanctitas7
1916 2239 2044 2298 quae
2082 2239 2150 2276 ex
2187 2217 2302 2276 fide

187 2313 440 2370 nascitur
465 2312 527 2368 in
549 2312 784 2368 homine
803 2311 1138 2387 justificato.
1177 2315 1432 2369 Pronum
1455 2323 1762 2392 propterea
1790 2312 1930 2371 inde
1953 2313 2062 2370 fuit
2085 2313 2300 2371 inferre

186 2406 587 2466 excellentiam
619 2451 633 2479 3
673 2399 1059 2485 aequalitatem
1081 2451 1096 2481 .,
1134 2406 1681 2466 inamissibilitatem
1700 2408 1973 2485 justitiae3
2014 2408 2147 2490 quia
2166 2411 2297 2484 jus-

187 2503 310 2560 titia
344 2511 401 2559 et
434 2501 703 2558 sanctitas
733 2499 910 2579 ipsius
936 2500 1146 2558 Christi
1173 2512 1261 2559 est
1280 2548 1294 2576 a
1331 2523 1459 2583 quae
1490 2512 1576 2560 est
1604 2503 1749 2561 ratio
1774 2548 1791 2578 ‚
1831 2502 1905 2562 ob
1941 2524 2117 2584 quam
2151 2505 2297 2561 Pro-

187 2607 464 2655 testantes
495 2594 791 2653 interdum
833 2616 891 2653 se
918 2608 1261 2677 comparant
1286 2619 1407 2655 non
1435 2597 1623 2656 solum
1649 2599 1870 2657 Sanctis
1909 2597 2291 2679 quibuslibet,

183 2691 287 2750 sed
319 2700 382 2750 et>
403 2692 590 2750 Beatae
623 2690 837 2768 Virgini
873 2702 932 2750 et
970 2691 1197 2751 Christo
1234 2693 1345 2773 ipsi
1384 2694 1492 2772 (2).
1542 2695 1801 2752 Pronum
1842 2705 2119 2776 praeterea
2153 2694 2293 2776 ipsis

183 2786 290 2843 fuit
325 2785 537 2844 inferre
568 2830 583 2859 ,
624 2806 852 2844 summa
897 2785 1113 2865 flagitia
1149 2786 1312 2846 nullo
1358 2787 1530 2847 modo
1567 2788 1795 2848 officere
1834 2789 2131 2849 sanctitati
2150 2788 2284 2869 '(3),;

247 3002 311 3064 (1)
347 3002 441 3050 Cfr.
483 3001 722 3062 Moehler‚
759 3020 837 3067 op.
871 3005 949 3051 eit.
984 3013 1098 3056 tom,
1133 3019 1152 3051 1
1173 3039 1190 3066 ‚
1274 3021 1419 3070 quam
1468 3005 1596 3054 dives
1658 3009 1722 3055 sit
1760 3007 1895 3056 homo
1957 3007 2288 3071 christianae,

182 3101 287 3147 pag.
315 3100 398 3146 171
425 3094 468 3132 et
482 3102 584 3150 seq.
1277 3088 1422 3135 etiam
1446 3086 1603 3135 volens
1633 3105 1730 3136 non
1761 3097 1913 3155 potest
1932 3089 2133 3154 perdere
2161 3088 2292 3138 salu-

250 3165 311 3224 (2)
349 3164 573 3214 Lutherus
591 3203 605 3226 ‚
639 3163 798 3214 Serm.
836 3165 893 3213 de
926 3165 1095 3215 Nativ.
1125 3166 1194 3215 B.
1279 3178 1371 3216 tem
1397 3171 1790 3234 quantiscumque
1813 3172 2055 3236 peccatis,
2087 3173 2291 3220 nisine-

186 3244 240 3291 V
241 3257 255 3293 .‘
294 3242 354 3292 M
378 3266 393 3291 .·
432 3246 611 3295 Omnes
660 3248 960 3307 Christiani,
1003 3251 1187 3316 inquit,
1272 3251 1329 3297 lit
1352 3251 1559 3299 eredere.
1599 3250 1748 3300 Nulla
1791 3254 1923 3300 enim
1947 3260 2148 3319 peecata
2179 3270 2313 3300 eum*

181 3321 308 3395 oeque
346 3330 513 3391 maqni
540 3345 704 3377 sumas
732 3339 871 3395 atque
909 3329 1068 3380 Mater
1089 3333 1191 3379 Dei
1264 3334 1480 3398 possunt
1502 3332 1736 3380 damvwre
1757 3368 1772 3394 ,
1802 3334 1905 3381 nisi
1926 3334 2024 3382 sola
2059 3334 2288 3382 ineredu-

181 3417 227 3455 et
246 3423 380 3484 mque
412 3409 582 3458 Sancti
607 3427 663 3458 ao
689 3412 815 3476 ipsa.
885 3434 890 3437 ⁴
1271 3413 1399 3463 litas.
1438 3414 1607 3463 Cetera
1637 3417 1806 3464 omnia
1825 3453 1839 3480 ‚
1863 3419 1911 3464 si
1931 3416 2094 3464 redeat
2112 3414 2188 3464 vel
2199 3421 2290 3463 utet

243 3489 584 3552 (3)”Lutherus
633 3509 747 3557 saepe
790 3494 887 3542 haee
943 3495 1188 3558 inbuleat3
1266 3495 1386 3559 fides
1419 3497 1477 3542 in
1511 3498 1880 3562 promissionem
1917 3497 2136 3546 divinam
2162 3494 2280 3559 hap-

176 3587 286 3617 nam
327 3574 377 3618 in
419 3571 506 3620 lib.
563 3570 644 3619 De
684 3575 903 3639 captivit.
942 3575 1184 3640 Babylon.
1272 3579 1420 3624 tizato
1443 3578 1624 3641 factam
1642 3614 1658 3636 ,
1687 3581 1743 3626 in
1767 3588 1997 3629 momento
2026 3574 2279 3625 absorben—

173 3659 288 3698 tem.
315 3668 347 3699 u
365 3689 379 3713 ‚
402 3652 502 3701 sol.
538 3650 635 3715 284
664 3670 679 3701 ε
713 3651 793 3703 Ita
820 3655 951 3703 vides
975 3694 988 3718 ,
1015 3660 1185 3723 inquit,
1272 3666 1352 3706 tur
1360 3675 1452 3724 per
1469 3660 1680 3709 eamdem
1687 3661 1930 3725 fidem.Ex
1944 3661 2033 3708 hoe
2053 3658 2278 3723 principio
