2430 4056
217 187 334 247 202
925 234 928 236 .
952 202 1173 242 Arason
1198 202 1266 238 u
1307 202 1530 251 enum.

216 348 390 408 fidem
408 391 424 421 .,
457 345 621 428 plura
655 350 1140 421 consequerentur
1175 336 1423 401 absurda
1449 361 1567 400 non
1597 339 1788 400 minus
1818 361 1851 399 a
1878 341 1936 399 S.
1977 340 2279 423 Augustini

217 464 390 525 quam
414 462 444 498 a
467 439 636 497 totius
665 434 920 494 Ecclesiae
941 433 1198 514 doctrina
1229 433 1686 513 prorsusaliena.
1713 436 1789 494 Ac
1815 430 1877 492 1⁰
1909 446 2245 516 sequeretur
2262 480 2279 509 ,

217 557 385 618 opera
412 528 744 590 naturaliter
767 527 1006 586 honesta
1035 527 1298 587 homines
1325 524 1626 606 disponere
1653 528 1728 587 ad
1770 528 1979 602 fidemz,
2014 529 2081 585 2⁰
2121 549 2282 590 voca-

215 633 431 689 tionem
466 623 539 681 ad
573 621 745 681 fidem
782 642 900 679 non
925 620 1170 701 amplius
1197 640 1319 679 esse
1346 622 1652 698 gratuitam
1673 666 1691 699 ‚
1714 623 1814 683 sed
1839 622 1959 682 dari
1981 626 2146 699 juxta
2168 644 2284 683 me-

213 725 320 782 rita
357 716 662 791 naturalia3
709 715 771 773 3⁰
795 712 1035 794 gratiam
1066 735 1186 774 esse
1212 714 1478 773 omnibus
1509 725 1875 782 communem
1899 741 1916 790 ς
1942 716 2007 775 40
2030 717 2286 798 quisunt

212 813 448 873 totidem
495 832 711 871 errores
749 809 1188 888 pelagianorum
1230 820 1289 868 et
1333 808 1917 889 semipelagianorum
1949 836 1966 884 ς
2007 822 2178 892 atque
2219 822 2286 870 ut

211 919 501 990 postremo
524 906 656 964 huic
679 905 855 964 errori
871 906 1197 962 insistamus
1222 949 1238 978 7
1258 907 1321 964 50
1348 914 1735 984 praeterquam
1751 904 1906 985 quod
1934 905 2111 984 gratia
2135 926 2286 964 com-

212 1002 402 1060 munis
435 999 702 1059 omnibus
730 1020 848 1056 non
882 1010 1030 1058 esset
1069 997 1313 1079 amplius
1347 998 1553 1076 gratia,
1597 1007 1663 1056 et'
1693 998 1757 1055 60
1794 997 2284 1078 quemadmodum

212 1096 464 1177 loquitur
477 1096 531 1153 S.
556 1093 832 1152 Thomas:
862 1096 934 1151 Si
953 1093 1185 1173 (gratia)
1210 1094 1483 1152 omnibus
1505 1092 1711 1166 datur,
1735 1112 1852 1150 non
1866 1091 2103 1149 videtur
2113 1094 2292 1150 aliud

210 1212 323 1249 esse
350 1210 531 1268 qaam
569 1189 815 1265 aliquod
843 1189 1117 1245 naturale
1160 1188 1425 1260 donam,-
1462 1207 1610 1245 nam
1651 1191 1719 1244 in
1760 1185 1921 1244 nullo
1962 1188 2288 1244 inveniun-

211 1296 314 1342 tur
350 1304 543 1341 omnes
583 1284 842 1340 homines
882 1286 1190 1340 convenire
1231 1285 1358 1340 nisi
1393 1286 1462 1339 in
1503 1282 1703 1359 aliquo
1745 1283 2022 1339 naturali
2057 1279 2180 1359 (l),
2221 1279 2289 1339 70

214 1379 269 1435 S.
297 1378 643 1455 Augustinus
677 1396 941 1456 expresse
971 1377 1315 1456 pronunciat
1346 1375 1418 1434 de
1442 1376 1619 1454 gratia
1647 1397 1660 1434 :
1701 1376 1934 1434 Scimus
1958 1395 2078 1434 non
2104 1378 2286 1432 omm‘-

212 1474 321 1531 hus
362 1473 701 1530 hominibus
725 1472 870 1528 dari
890 1471 1013 1550 (2);
1045 1481 1102 1529 et
1141 1471 1193 1530 S.
1238 1473 1481 1551 Prosper
1508 1471 1756 1529 fidenter
1777 1469 2000 1529 lacessit
2031 1470 2288 1551 Semipe-

215 1566 464 1645 lagianos
501 1568 562 1623 in
592 1570 858 1623 Carmine
881 1566 949 1622 de
979 1570 1235 1644 inyratz‘s
1266 1610 1282 1638 .,
1320 1586 1444 1645 cap.
1475 1566 1574 1638 XI,
1606 1587 1664 1625 v·
1694 1565 1814 1624 273
1840 1576 1914 1624 et*¹
1933 1586 2096 1646 seqq.

291 1705 305 1719 .
355 1706 367 1718 .
421 1706 432 1718 .
485 1706 497 1717 .
542 1661 658 1719 Dio
675 1702 696 1729 ,
721 1661 875 1717 unde
898 1661 1111 1738 probes
1132 1705 1146 1734 ‚
1173 1661 1332 1738 quod
1347 1664 1553 1738 qratia
1587 1660 1813 1719 Christi

288 1758 537 1813 Nullum
571 1758 810 1812 omnino
837 1755 1129 1812 hominem
1156 1755 1224 1811 de
1254 1760 1484 1813 canetis
1510 1799 1526 1827 ‚
1553 1758 1665 1832 qui
1683 1764 2082 1832 qenerantar,

288 1850 643 1921 Proetereat,
677 1853 783 1906 cui
811 1868 932 1905 non
961 1869 1211 1927 requam
1245 1853 1543 1927 vitamque
1584 1850 1819 1906 beatam

291 1948 603 2021 Impertz're
643 1944 780 2001 velit
816 1942 930 2021 (3).

213 2037 375 2114 Ergo,
1072 2068 1074 2071 ·

290 2129 428 2187 446.
478 2132 647 2210 Resp.
681 2130 827 2208 Ney.
849 2142 973 2188 ant.
999 2130 1085 2189 Ad
1113 2131 1359 2211 primam
1388 2132 1557 2210 prob.
1581 2134 1739 2191 Dist.
1764 2132 2110 2211 Sequeretur
2137 2134 2288 2207 ejus-

209 2223 366 2282 modi
383 2245 552 2305 opera
572 2223 873 2304 disponere
902 2224 1163 2283 homines
1192 2225 1266 2282 ad
1291 2224 1464 2283 fidem
1487 2227 1778 2304 negative,
1808 2245 1998 2297 eone.;
2027 2223 2294 2304 positive,

214 2338 340 2395 neq.
374 2329 439 2374 ut
464 2328 624 2396 patet
650 2338 719 2375 ex
747 2317 812 2374 iis
833 2362 847 2390 .,
875 2338 998 2397 quae
1015 2317 1380 2376 disseruimus
1395 2318 1615 2397 agendo
1643 2318 1715 2376 de
1746 2318 1940 2396 gratiae
1961 2317 2296 2378 necessitate

211 2421 270 2469 et
292 2412 593 2489 gratuitate
608 2435 624 2483 ς
642 2410 823 2469 fidelis
840 2412 995 2469 enim
1011 2411 1418 2470 mandatorum
1437 2411 1800 2473 observantia
1819 2458 1834 2487 ,
1858 2435 1982 2495 quae
2008 2434 2114 2494 per
2128 2410 2295 2471 auxi-

209 2505 353 2563 lium
384 2506 587 2568 divinae
612 2507 802 2586 gratiae
828 2506 1122 2566 obtinetur
1140 2552 1153 2577 ‚
1192 2519 1453 2566 removet
1480 2519 1712 2566 tantum
1737 2507 2025 2567 obstacula
2047 2507 2121 2567 ad
2147 2507 2291 2568 ulte-

208 2601 357 2658 riora
382 2612 440 2659 et
468 2599 730 2659 uberiora
769 2601 974 2659 auxilia
1020 2602 1353 2682 excipienda
1382 2601 1504 2680 (4),
1550 2623 1612 2660 ac
1652 2603 1846 2662 minus
1877 2601 2146 2683 indignos
2182 2602 2291 2661 ho-

208 2695 394 2752 mines
419 2694 590 2752 efficit
625 2694 821 2754 divina
845 2706 901 2754 et
924 2697 1168 2774 gratuita
1202 2696 1517 2755 vocatione.
1541 2696 1598 2755 Si
1626 2717 1815 2755 sermo
1843 2718 1980 2758 vero
2008 2697 2084 2755 sit
2107 2695 2179 2756 de
2197 2697 2287 2771 iis,

206 2787 304 2867 qui
333 2787 393 2844 in
417 2790 601 2846 Deum
629 2776 942 2847 creatorem
973 2801 1033 2849 et
1056 2800 1550 2849 remuneratorem
1584 2790 1829 2850 credunt
1854 2836 1870 2866 ‚
1910 2791 2023 2850 dici
2059 2802 2251 2873 posset
2269 2835 2286 2865 ‚

203 2880 307 2939 hos
334 2903 454 2940 non
486 2883 644 2941 omni
664 2884 894 2964 penitus
933 2882 1044 2942 fide
1074 2883 1307 2943 destitui
1346 2885 1800 2964 supernaturali,
1826 2887 2089 2967 quamvis
2122 2906 2189 2944 ea
2214 2885 2290 2942 sit

205 2974 391 3034 adhuc
418 2977 787 3058 imperfecta,
825 2990 883 3036 et
925 2977 1347 3059 quodammodo
1397 2966 1663 3038 inchoata
1700 3001 1806 3061 per
1853 2977 2290 3061 supernaturale

206 3067 437 3149 aliquod
470 3070 667 3131 lumen
695 3072 832 3153 ipsis
874 3093 904 3130 a
931 3075 1049 3131 Deo
1081 3071 1331 3131 inditum
1351 3115 1372 3144 ,
1402 3072 1720 3152 cujusmodi
1753 3074 1858 3133 fuit
1894 3075 1957 3133 in
1998 3071 2285 3149 Cornelio,

137 3219 143 3226 ,
207 3161 280 3221 de
328 3184 440 3243 quo
488 3165 682 3224 scribit
727 3168 783 3225 S.
823 3166 1169 3247 Augustinus
1207 3189 1222 3225 ε
1265 3167 1407 3227 Non
1463 3173 1590 3227 sine
1621 3170 1832 3247 aliqua
1865 3169 1984 3247 fide
2031 3164 2291 3227 donabat

273 3448 342 3511 (l)
380 3449 546 3515 Quoest
574 3467 677 3498 xxxv
698 3451 755 3499 de
784 3454 918 3501 verit.
943 3472 989 3503 a.
1024 3451 1101 3504 15.
1282 3453 1460 3503 Salinas
1484 3489 1499 3512 ‚
1520 3453 1676 3501 Romae
1711 3451 1856 3519 1732.
1989 3520 1991 3523 ι

282 3528 347 3592 (2)
384 3527 555 3595 Epist,
590 3548 736 3579 ccxvn
761 3534 826 3581 ad
854 3531 913 3580 V
905 3534 1009 3583 ital.
1033 3552 1084 3583 n.
1119 3531 1197 3584 16.
1354 3534 1423 3598 (4)
1459 3533 1510 3584 S.
1545 3532 1714 3584 Thom.
1735 3543 1865 3583 vocat
1896 3533 2152 3601 Remove„
2168 3544 2285 3596 pro?

278 3608 344 3672 (3)
381 3609 501 3676 opp.
523 3609 572 3659 S.
595 3611 795 3678 Prosperi
815 3651 828 3675 ,
855 3615 960 3663 edit.
979 3614 1041 3665 D.
1061 3615 1196 3664 Joan·
1286 3613 1474 3664 bibens.
