2540 4074
248 237 329 297 22
664 262 667 266 ·
1000 247 1192 292 muer.
1241 252 1308 287 na
1351 249 1574 288 omma..

254 398 328 458 ad
360 418 485 458 rem
508 396 808 456 transitum
837 395 1041 453 facere.
1071 390 1474 464 Probationes7
1501 408 1645 471 quas
1665 409 1738 450 ex
1762 388 2069 470 Scripturis
2087 386 2336 447 adduxi·-

253 514 383 553 mus
411 490 486 550 ad
508 490 713 569 dogma
741 487 1084 547 catholicum
1114 482 1531 548 vindicandum
1548 528 1562 550 ‚
1594 506 1829 565 prorsus
1851 477 2207 545 *convellunt
2233 502 2299 541 ea
2318 526 2336 555 7

255 587 381 668 quae
406 605 634 644 rursum
650 583 813 664 pravi
829 580 1108 659 ejusmodi
1129 580 1446 638 monitores
1467 575 1792 637 obtrudunt
1813 623 1829 652 7
1856 583 2061 638 omnia
2070 599 2185 657 per
2197 579 2341 656 leqes

255 691 491 739 παίωνα»
531 699 569 735 a
598 678 717 735 Deo
763 680 978 754 optime
1007 676 1186 753 effici,
1229 694 1334 732 nec
1369 675 1457 730 ita
1492 677 1846 752 conspicuas
1876 678 2095 753 qratioe
2133 694 2343 752 opera-

255 778 434 831 tiones
465 792 578 829 esse
591 808 613 840 ,
639 779 710 828 ut
735 774 1000 849 coynosci
1022 779 1182 827 certa
1207 770 1438 826 racione
1460 777 1515 825 et
1547 768 1811 847 intelliqi
1841 772 2089 847 possint.
2122 770 2343 846 Dogma

258 866 416 926 enim
455 863 908 924 luculentissime
957 863 1238 922 traditum
1283 872 1406 936 est7
1451 861 1612 942 quod
1651 861 1713 918 in
1756 862 2064 943 praesentia
2107 860 2338 920 sufficit.

336 961 433 1021 40.
480 961 566 1022 Ad
595 960 702 1034 2⁰²7
727 960 873 1039 Neq.
901 958 1248 1017 Libertatem
1271 958 1428 1016 enim
1455 967 1514 1016 et
1535 956 1845 1015 hominum
1861 955 2119 1015 studium
2149 955 2345 1029 gratiae

259 1057 616 1138 operationes
634 1059 793 1133 juxta
815 1053 1136 1112 doctrinam
1162 1051 1504 1111 catholicam
1529 1051 1767 1110 mirifice
1788 1061 2142 1132 promovent
2169 1093 2186 1123 7
2213 1068 2348 1106 cum

259 1173 322 1209 ea
339 1151 653 1232 perficiant.
683 1150 860 1218 Nam,
889 1148 935 1204 si
963 1148 1157 1226 gratiae
1186 1147 1547 1227 operationes
1577 1156 1944 1227 spectentur,
1971 1154 2146 1227 prout
2173 1153 2350 1202 natu-

258 1243 404 1301 rales
432 1242 679 1300 hominis
710 1240 1005 1299 facultates
1035 1239 1270 1301 elevant
1300 1239 1375 1299 ad
1406 1240 1671 1299 ordinem
1710 1237 2215 1321 supernaturalem
2235 1282 2251 1313 7
2284 1257 2350 1296 ac

260 1337 491 1394 idoneas
532 1335 789 1394 reddunt
834 1333 909 1392 ad
953 1345 1111 1393 actus
1149 1334 1614 1416 supernaturales
1658 1333 2074 1416 perficiendos7
2105 1333 2348 1414 quinon

260 1431 526 1488 humanis
551 1428 768 1488 viribus
791 1473 807 1499 7
832 1427 934 1487 sed
961 1429 1240 1487 instinctu
1262 1427 1601 1510 influxuque
1629 1427 1828 1490 divino
1849 1427 1976 1486 elici
1997 1426 2218 1486 debent
2243 1471 2260 1502 7
2285 1438 2354 1485 ut

258 1547 362 1607 per
391 1547 450 1584 se
473 1536 633 1606 patet
653 1569 668 1596 7
696 1512 844 1582 nihil
871 1525 951 1583 eis
984 1524 1342 1599 detrahunt3
1375 1524 1478 1584 sed
1512 1545 1576 1584 ea
1608 1535 1838 1583 tantum
1868 1524 2144 1601 adjiciunt
2166 1568 2182 1598 7
2222 1543 2352 1603 quae

263 1620 497 1678 libertas
518 1630 576 1678 et
598 1619 901 1677 hominum
930 1619 1187 1677 studium
1216 1639 1398 1700 perse
1423 1638 1531 1677 nec
1558 1617 1858 1677 habebant
1880 1638 1988 1676 nec
2010 1616 2225 1675 habere
2254 1638 2354 1696 po-

262 1724 474 1772 terant.
502 1712 665 1785 Quod
691 1714 735 1771 si
762 1714 957 1793 gratiae
977 1713 1339 1795 operationes
1369 1723 1705 1793 spectentur
1725 1757 1740 1787 7
1777 1722 1951 1794 prout
1979 1710 2352 1771 medicinales

262 1819 398 1866 sunt
415 1853 430 1882 7
460 1828 523 1865 ac
554 1807 766 1868 tollunt
794 1807 1216 1890 impedimenta
1233 1851 1255 1880 ,
1282 1829 1408 1889 quae
1434 1807 1509 1866 ad
1533 1806 1757 1867 bonum
1780 1806 2143 1888 operandum
2167 1828 2354 1888 oppo-

264 1913 413 1959 nunt
445 1902 747 1961 infirmitas
784 1924 847 1961 ac
881 1902 1242 1961 imbecillitas
1292 1902 1569 1962 humanae
1611 1913 1869 1973 naturae,
1902 1901 2255 1961 tentationes
2294 1912 2355 1960 et

264 1996 604 2078 cupiditates
625 2043 640 2072 7
672 2018 844 2058 nemo
877 2008 964 2057 est
1001 1998 1098 2079 qui
1138 2019 1257 2056 non
1282 1997 1478 2059 videat
1500 2043 1516 2073 7
1543 2018 1648 2080 per
1672 2017 1766 2056 cas
1796 1995 2128 2056 libertatem
2155 2007 2215 2055 et
2251 1995 2354 2055 ho-

264 2093 486 2150 minum
526 2094 777 2152 studium
818 2098 1066 2152 maxime
1109 2093 1338 2175 perfici7
1385 2103 1558 2175 prout
1592 2092 1727 2152 data
1769 2112 1945 2175 opera
1982 2092 2221 2151 inferius
2258 2112 2356 2149 os-

270 2188 595 2248 tendemus,
640 2191 717 2248 Ea
747 2211 882 2251 vero
903 2235 918 2263 7
950 2211 1076 2269 quae
1108 2187 1403 2247 adduntur
1425 2188 1497 2247 de
1525 2189 1900 2268 mysticorum
1928 2186 2166 2245 somniis
2191 2206 2257 2244 ac
2283 2184 2357 2246 de

266 2284 387 2341 Deo
435 2295 800 2365 peccatorum
846 2295 1076 2342 auctore
1097 2329 1111 2358 7
1155 2283 1536 2365 relinquimus
1586 2282 1930 2342 Lutheranis
1973 2291 2033 2341 et
2068 2280 2356 2343 Calvinis-

270 2377 343 2435 tis
361 2423 376 2451 7
401 2377 608 2458 quibus
650 2379 783 2437 talia
822 2390 1050 2460 accepta
1079 2379 1378 2438 referenda
1403 2388 1558 2437 sunt.

345 2472 441 2529 41.
491 2473 577 2531 Ad
616 2472 721 2547 31117
760 2473 909 2553 Ney.
954 2476 1031 2531 Ut
1057 2473 1239 2555 liquet
1268 2495 1337 2532 ex
1365 2474 1431 2532 iis
1459 2519 1475 2549 7
1509 2495 1638 2555 quae
1665 2483 1855 2555 nuper
1892 2472 2146 2532 diximus
2171 2516 2186 2545 7
2223 2492 2358 2530 cum

265 2566 739 2647 responderemus
783 2568 970 2626 eidem
1014 2567 1340 2627 difficultati
1384 2590 1415 2627 a
1459 2568 1776 2648 Pelagianis
1819 2566 2072 2646 objectae.

345 2659 441 2717 42.
491 2660 579 2719 Ad
606 2661 687 2719 4¹11
714 2673 773 2720 et
786 2683 946 2743 seqq.
970 2664 1124 2722 Dist.
1156 2663 1393 2744 Spiritui
1416 2664 1645 2745 privato
1669 2660 2044 2743 obsequendo
2074 2659 2354 2721 adversus

269 2753 525 2814 divinam
544 2755 953 2815 revelationem
983 2802 999 2831 7
1025 2778 1213 2830 conc.,·
1238 2756 1390 2816 hanc
1423 2756 1612 2815 adhuc
1639 2755 1945 2816 retinendo
1963 2800 1979 2828 7
2011 2777 2142 2837 neq.
2172 2756 2356 2836 Siqui-

266 2848 398 2908 dem
425 2860 670 2929 systema
705 2850 1195 2909 Rationalisticum
1222 2852 1490 2933 componi
1510 2873 1880 2934 nequaquam
1902 2861 2097 2932 potest
2115 2872 2248 2909 cum
2272 2850 2354 2909 di-

266 2943 399 3002 vina
435 2943 781 3005 revelatione
804 2989 820 3018 7
855 2967 982 3026 quae
1023 2946 1212 3005 eidem
1239 2947 1477 3007 omnino
1505 2945 1865 3006 adversatur.
1912 2947 2034 3005 Hoc
2064 2946 2221 3005 enim
2245 2967 2352 3027 pe-

266 3037 432 3096 rinde
469 3051 554 3098 est
581 3062 644 3099 ac
666 3042 712 3099 si
741 3042 867 3122 quis
896 3040 1002 3100 sibi
1032 3063 1104 3101 ex
1131 3042 1369 3102 arbitrio
1398 3043 1538 3106 velit
1570 3042 1908 3123 religionem
1937 3053 2221 3102 extruere.
2250 3042 2352 3101 His

270 3153 407 3192 vero
424 3134 713 3214 principiis
738 3136 1022 3213 admissis7
1041 3136 1325 3197 absonum
1347 3151 1456 3214 est,
1486 3138 1675 3198 adhuc
1703 3138 1964 3218 ingerere
1990 3138 2352 3197 mentionem

274 3227 345 3286 de
367 3230 643 3307 relzyione
676 3231 1007 3291 christiana
1025 3278 1041 3306 7
1071 3235 1186 3291 ubi
1206 3245 1354 3292 recte
1382 3235 1819 3305 consideretur-3
1858 3253 1990 3290 cum
2018 3253 2087 3292 ex
2109 3232 2353 3301 istoru-m

273 3333 503 3395 mente7
534 3334 687 3382 recta
726 3324 1047 3386 christianae
1075 3326 1364 3407 religionis
1394 3327 1774 3407 intelligentia
1808 3326 1892 3385 nil
1930 3326 2086 3386 aliud
2122 3328 2197 3386 sit
2242 3326 2354 3384 nisi

272 3415 527 3492 ejusdem
555 3420 792 3477 eversio.
822 3421 1127 3502 Hucusque
1149 3421 1415 3481 nondum
1439 3422 1751 3502 pertigerat
1777 3419 2036 3501 Pelagius
2054 3442 2182 3480 cum
2209 3421 2346 3479 suis,

275 3508 595 3568 Ridiculum
637 3533 810 3592 porro
847 3525 964 3589 est,
1003 3515 1157 3595 quod
1194 3517 1399 3598 quinto
1437 3515 1562 3575 loco
1601 3513 1859 3573 subdunt
1885 3514 1946 3574 hi
1985 3513 2356 3575 rationalistae

267 3605 336 3660 de
363 3625 500 3662 vera
513 3610 748 3684 pietate.
781 3607 1055 3679 Quaenam
1082 3630 1218 3670 vera
1246 3611 1427 3692 pietas
1455 3611 1593 3691 fingi
1619 3611 1812 3669 animo
1835 3621 2027 3692 potest
2052 3609 2175 3668 sine
2205 3608 2347 3684 fide,

264 3698 386 3758 sine
419 3699 596 3778 gratia
627 3746 643 3775 7
688 3700 810 3760 sine
834 3700 1182 3764 revelatione
1203 3704 1231 3762 Ρ
1267 3706 1595 3778 Quamnam
1630 3705 1914 3786 pietatem
1949 3702 2352 3786 praestolemur
