2430 4056
2074 218 2181 276 141

363 242 516 282 mar.
563 245 605 279 1.
652 243 772 281 cu’.
819 239 893 282 lv·
939 242 1006 277 nn
1047 239 1269 278 numu
1311 233 1378 278 ΒΤ
1419 231 1585 282 mvis.
1635 225 1815 279 0οΑτρ
1842 240 1960 277 Ero.

126 384 191 441 In
230 382 336 442 hoc
360 383 516 452 eni-m
546 390 848 460 systemate
874 390 934 438 et
956 379 1107 438 bona
1146 380 1410 441 voluntas
1432 424 1446 453 7
1483 390 1542 438 et
1579 380 1834 460 potentia
1855 424 1871 454 7
1902 383 1961 439 et
1988 385 2143 438 actus
2167 425 2184 455 7

126 488 184 534 et
218 492 552 547 consensus7
592 485 650 533 et
693 474 945 554 operatio
977 497 1008 532 a
1040 474 1154 533 sola
1181 474 1359 553 gratia
1395 474 1577 554 repeti
1611 472 1824 533 debent
1854 474 1965 552 (l).

204 568 612 629 3ll.Adversae
649 578 844 625 tamen
878 569 1056 648 partis
1101 566 1371 645 Theologi
1413 578 1703 648 reponunt
1740 589 1752 625 :
1804 569 1865 625 10
1893 567 2046 626 Nihil
2094 569 2189 627 ad-

115 662 365 741 jumenti
404 682 473 720 ex
513 660 789 737 ejusmodi
825 673 1128 741 systemate
1165 661 1364 720 haberi
1403 661 1477 719 ad
1521 672 1774 740 optatam
1808 663 1999 741 gratiae
2037 674 2095 722 et
2126 664 2190 722 li-

124 752 356 816 bertatis
379 754 864 827 conciliationem3
892 758 1009 815 imo
1026 755 1343 836 simplicem
1368 754 1655 814 catholicae
1683 755 1816 814 fidei
1845 755 2186 831 doctrinam7

34 928 37 931 ¹
124 846 303 930 qualis
340 847 400 905 in
425 847 652 927 Synodo
675 848 1007 908 Tridentina
1042 849 1323 907 declarata
1366 858 1452 905 est
1485 847 1602 925 (2)7
1642 847 1808 926 longe
1849 851 2049 926 majori
2083 851 2190 909 cla-

121 941 290 999 ritate
316 940 527 1019 fulgere
550 985 565 1012 7
609 942 749 999 dum
779 964 843 1001 ea
888 944 950 1000 in
980 943 1088 1000 hoc
1121 951 1425 1020 systemate
1453 940 1686 1019 caligine
1730 942 1919 1021 potius
1947 943 2191 1003 involvi-

123 1041 233 1093 tur.
257 1035 323 1091 20
354 1034 545 1093 Videri
579 1035 684 1093 sibi
719 1035 827 1094 hoc
851 1038 1040 1117 ipsum
1079 1046 1321 1115 systema
1368 1034 1539 1091 nimis
1573 1034 1839 1093 accedere
1887 1036 1968 1094 ad‘
1998 1039 2189 1095 Nova-

119 1139 310 1186 torum
335 1127 540 1209 placita
568 1129 653 1208 (3)
672 1150 734 1187 30
757 1130 1247 1202 Jansenistarum3
1274 1150 1386 1208 quo
1410 1128 1618 1186 factum
1642 1140 1727 1186 est
1746 1173 1760 1202 7
1789 1139 1854 1186 ut
1874 1131 2189 1188 Novatores

119 1233 178 1279 et
200 1223 541 1281 Jansenistae
574 1245 725 1304 saepe
760 1222 865 1282 sub
908 1223 1014 1281 hac
1044 1222 1224 1283 veluti
1246 1233 1404 1282 veste
1433 1267 1448 1295 7
1483 1221 1616 1279 licet
1657 1242 1762 1302 per
1796 1223 2065 1300 injuriam
2088 1269 2102 1297 7
2131 1245 2191 1281 se

120 1318 480 1376 cOntexerint
515 1318 625 1399 (4).
661 1319 724 1376 3⁰
756 1319 935 1392 Sane7
963 1316 1218 1375 subdunt
1244 1362 1259 1390 7
1299 1316 1344 1374 si
1385 1314 1645 1373 subtilior
1683 1316 1850 1393 hujus
1889 1317 2190 1397 praedeter-

118 1411 447 1469 minationis
475 1412 722 1492 physicae
741 1411 1057 1492 disquisitio
1082 1412 1416 1468 instituatur
1438 1456 1452 1482 7
1490 1409 1728 1490 planum
1755 1411 1819 1467 fit
1838 1455 1852 1484 7
1884 1412 2068 1491 reipsa
2091 1410 2190 1468 110-

119 1505 336 1563 minem
360 1503 466 1562 sub
495 1504 596 1563 tali
623 1505 1218 1586 praedeterminatione
1243 1503 1499 1562 absolute
1524 1525 1641 1561 non
1671 1525 1835 1584 posse
1863 1525 1979 1561 non
2010 1504 2186 1578 velle,

118 1610 216 1657 aut
235 1599 398 1658 aliter
419 1621 580 1678 agere
617 1621 679 1657 30
707 1600 930 1680 operari
953 1621 1125 1679 quam
1158 1598 1219 1656 id
1239 1642 1260 1670 ,
1295 1598 1368 1655 ad
1399 1597 1553 1678 quod
1585 1597 2031 1672 determinatur,
2060 1619 2190 1655 cum

118 1694 239 1774 ipsa
266 1693 525 1751 includat
552 1705 742 1751 actum
768 1694 1071 1773 ipsumque
1106 1693 1310 1750 efficiat
1327 1738 1340 1765 7
1367 1692 1483 1750 imo
1507 1691 1783 1772 producat
1806 1713 1868 1749 ac
1902 1692 2068 1749 faciat
2094 1713 2186 1751 vo-

118 1785 355 1844 luntatis
396 1788 622 1862 floccum
655 1813 670 1860 ς
712 1787 1200 1868 quemadmodum
1234 1807 1265 1845 e
1299 1797 1493 1844 contra
1535 1806 1598 1843 ea
1645 1784 1948 1844 destitutus
1982 1786 2191 1866 impos-

116 1879 279 1939 sihile
308 1881 615 1939 intrinsece
643 1893 700 1938 et
727 1881 1107 1940 essentialiter
1131 1892 1215 1939 est
1236 1925 1251 1952 7
1286 1892 1351 1937 ut
1388 1880 1558 1936 homo
1596 1878 1736 1939 velit
1762 1924 1777 1951 7
1814 1891 1942 1956 agat
1976 1891 2033 1937 et
2057 1900 2187 1960 ope-

117 1986 276 2032 retur
297 2018 311 2047 7
340 1995 403 2032 ea
438 1975 659 2032 ratione
689 1997 801 2055 qua
827 1975 951 2033 sine
996 1974 1097 2032 alis
1122 1975 1244 2032 fieri
1269 1975 1468 2053 nequit
1485 2017 1500 2045 7
1522 1984 1587 2030 ut
1611 1974 1892 2053 quispiam
1916 1974 1976 2030 in
2008 1973 2191 2030 altum

43 2123 46 2128 .
115 2088 176 2126 se
219 2065 444 2144 attollat
479 2088 542 2126 ac
572 2068 744 2130 volet.
781 2068 927 2128 Hinc
949 2080 1140 2127 actum
1161 2089 1392 2149 prorsus
1425 2087 1545 2126 esse
1581 2066 1837 2127 inferunt
1872 2066 1942 2125 de
1971 2066 2180 2145 gratia,

180 2272 497 2346 (1)Cfr,int'er
519 2290 693 2333 ceteros
712 2301 790 2349 pro
811 2285 895 2332 hac
921 2290 1107 2333 senten-

114 2355 179 2411 ‘tia
206 2375 454 2428 pugnantes
480 2375 644 2428 praeter
670 2365 895 2413 Gonetum
912 2365 1004 2413 100.
1028 2367 1105 2412 cit.

118 2444 227 2494 Did.
256 2445 445 2494 Alvarez
463 2483 476 2505 ,
509 2464 582 2511 op.
613 2450 691 2495 cit.
720 2448 839 2511 disp.
868 2463 1036 2493 uum
1067 2456 1110 2493 et

118 2543 250 2591 seqq.
294 2529 537 2590 praesertim
572 2545 674 2589 20¹5
708 2527 795 2575 Th.
827 2528 883 2576 de
913 2529 1106 2585 Lemos,

121 2607 363 2672 Panoplic
388 2610 556 2671 qratice
581 2645 595 2667 7
628 2619 740 2656 tom.
775 2626 791 2655 1
813 2645 826 2667 7
865 2620 995 2657 tract.
1028 2626 1074 2656 1v
1092 2645 1106 2667 7

120 2688 200 2737 De
222 2705 361 2736 sensu
386 2691 634 2755 composito
657 2698 700 2737 et
711 2689 863 2737 diviso
878 2711 897 2747 ;
925 2699 1037 2738 tom.
1055 2705 1109 2736 111

118 2787 222 2834 pag.
241 2784 276 2826 1,
299 2780 427 2818 tract.
447 2788 511 2830 xv,
530 2770 609 2818 De
622 2786 853 2818 concursu
871 2769 975 2817 Dei
978 2787 1109 2835 proe-

121 2850 197 2897 vie
230 2850 486 2915 influente,
517 2858 658 2914 prout
686 2853 881 2911 nomine
895 2850 1109 2915 physicae

114 2929 630 2995 'proedeterminationis
643 2933 934 2996 exprimitur
951 2948 965 2993 3
990 2942 1084 2978 tom
1094 2965 1106 2979 .

121 3027 186 3069 vl,
203 3021 336 3063 tract.
350 3028 397 3058 lv
414 3046 428 3070 7
444 3012 523 3058 De
549 3011 734 3059 auxilio
748 3012 927 3060 divinoe
940 3013 1110 3076 qratiae

120 3090 313 3154 efficaci.
333 3090 392 3138 Hi
409 3093 532 3138 enim
563 3092 790 3140 uberrime
803 3091 860 3141 de
873 3092 959 3140 hoc
977 3110 1110 3156 argu-

121 3181 275 3219 mento
293 3173 584 3234 scripserunt.
604 3171 696 3220 cfr.
719 3175 853 3221 etiam
885 3166 1110 3220 Historia

117 3252 173 3298 dc
196 3250 400 3299 auxiliis
423 3251 624 3318 P.Serry
643 3288 656 3310 7
689 3254 781 3302 vol.
811 3270 828 3300 1
846 3253 927 3301 fol.

183 3332 252 3395 (2)
283 3331 396 3380 Sese.
428 3349 502 3393 vn,
526 3350 628 3398 cap.
652 3331 705 3382 6.

183 3409 254 3476 (8)
289 3412 356 3460 lta
382 3412 681 3462 Bellen-minus
695 3448 713 3475 ‚
730 3413 810 3462 De
821 3422 945 3478 qrat.
963 3423 1007 3462 et
1020 3414 1104 3463 lib.

25 3494 36 3503 ⁴
112 3490 251 3563 arbit.
280 3491 367 3541 lib.
395 3505 438 3552 1,
471 3511 573 3558 cap.
611 3509 702 3554 ια,
733 3512 783 3542 0.
813 3492 846 3541 8
868 3501 915 3543 et
947 3511 996 3561 9.
1025 3497 1110 3544 Ast

75 3622 78 3624 ,
109 3573 364 3632 immerito,
401 3579 455 3621 ut
486 3574 677 3622 inferius
715 3574 934 3623 dicemus.

173 3652 334 3717 (k)1ta
353 3653 599 3704 Jansenius
620 3691 635 3718 7
667 3653 746 3704 De
769 3664 895 3720 qrat.
922 3654 1102 3706 Salvat-

1194 2285 1278 2334 lib.
1333 2297 1410 2334 vni
1428 2321 1440 2343 7
1480 2302 1581 2349 cap.
1625 2301 1639 2331 1
1686 2294 1729 2332 et
1770 2294 1801 2331 ix
1822 2322 1834 2343 7
1874 2285 2042 2349 aliique
2087 2301 2188 2348 pas-

1195 2371 1280 2416 sim
1308 2379 1404 2432 post
1421 2372 1586 2433 ipsum.
1611 2368 1708 2416 Cfr.
1728 2369 1784 2416 de
1807 2368 1894 2414 hoc
1922 2375 2188 2430 argumento

1195 2449 1248 2497 P.
1291 2450 1477 2498 Livinus
1509 2450 1668 2514 Meyer
1690 2486 1703 2507 7
1741 2449 1941 2495 Praefatio
1965 2451 2013 2495 in
2048 2449 2138 2495 vol.
2175 2463 2191 2494 1

1195 2530 1332 2580 Hist.
1376 2539 1581 2578 controv.
1622 2531 1677 2577 de
1712 2529 1945 2588 auxiliis,
1980 2539 2067 2576 art.
2102 2545 2149 2576 ιν
2173 2563 2187 2586 ,

1197 2611 1276 2659 De
1289 2621 1454 2659 mutua
1467 2611 1501 2659 J
1503 2613 1853 2658 ansenistarnm
1868 2613 1924 2657 in
1936 2609 2191 2674 proedictoe

1204 2694 1253 2741 T
1252 2692 1476 2740 homictas
1513 2690 1828 2740 benevolentia
1847 2710 1866 2746 ,·
1910 2702 1952 2739 et
1993 2701 2077 2738 art.
2128 2708 2187 2749 v,

1195 2775 1584 2821 Jansenistarum
1615 2789 1724 2836 erqa
1769 2772 1817 2819 T
1815 2772 2038 2819 bomiscos
2064 2771 2189 2817 ami-

1195 2858 1313 2904 citia
1332 2854 1574 2903 simulata.
1600 2856 1730 2917 Quos
1747 2853 1913 2918 palam
1954 2851 2157 2898 laudant
2174 2887 2187 2911 7

1195 2937 1316 2986 clam
1332 2941 1459 2984 inter
1473 2952 1522 2983 se
1538 2935 1698 2983 rident
1715 2943 1850 2997 atque
1866 2939 2192 2980 contemnunt.

1196 3019 1287 3068 Ubi
1337 3018 1542 3065 adductis
1604 3016 1885 3062 documentis
1937 3012 2189 3060 luculenter

1196 3100 1322 3166 quod
1349 3099 1434 3147 sibi
1465 3098 1697 3163 proposuit
1720 3090 1938 3143 ostendit.
1969 3093 2056 3157 Qui
2085 3109 2189 3156 prae-

1196 3191 1342 3240 terea,
1375 3179 1547 3226 ibidem
1578 3186 1665 3224 art.
1692 3192 1725 3222 11
1756 3185 1800 3223 et
1832 3188 1925 3233 vn,
1955 3173 2189 3238 productis

1194 3262 1359 3326 pariter
1400 3259 1683 3306 documentis
1721 3255 1946 3313 ostendit,
1991 3254 2189 3301 Pascha-

1196 3345 1313 3390 sium
1330 3339 1624 3404 Quesnellum
1650 3355 1837 3385 manum
1864 3335 2116 3384 admovisse
2131 3333 2188 3381 ad

1194 3421 1466 3469 Historiam
1489 3418 1546 3466 de
1574 3417 1774 3465 onoeiliis
1795 3417 1850 3465 P.
1871 3415 2003 3480 Serry
2026 3431 2188 3463 emen-

1195 3501 1395 3551 dandam
1447 3511 1491 3549 et
1526 3499 1837 3565 corrigendam
1861 3532 1880 3558 ,
1933 3497 2187 3560 eodemque

1193 3582 1323 3648 Sei-ry
1344 3582 1564 3646 probante
1583 3617 1597 3641 7
1623 3598 1718 3630 non
1741 3594 1885 3646 pauca
1907 3593 2049 3643 eaque
2074 3574 2186 3623 falsa

1193 3678 1249 3719 ex
1270 3681 1352 3714 suo
1377 3663 1613 3730 adiecisse.
