2430 4056
218 208 341 269 230

972 218 1163 258 TRACT.
1206 219 1273 254 lm
1315 217 1539 257 GRATIA.

230 392 352 430 non
372 377 560 427 autem
583 361 878 422 actualem.
904 359 1004 418 His
1024 377 1197 440 porro
1213 356 1517 417 rationum
1542 355 1850 427 momentis
1874 376 2005 414 cum
2027 355 2291 415 Suarezio

229 464 479 525 ducimus
514 456 587 516 ad
611 456 759 515 hanc
785 453 1129 514 sententiam
1153 449 1485 510 tenendam.
1509 453 1668 511 Tunc
1697 451 1870 512 homo
1898 449 2142 509 efficitur
2170 449 2292 508 for-

228 556 448 617 maliter
464 557 648 630 justus
667 593 682 623 ,
714 547 942 629 quando
966 567 1036 605 ex
1059 548 1177 604 Deo
1211 544 1462 602 nascitur
1498 555 1559 602 et
1583 542 1735 604 filius
1762 545 1865 603 Dei
1892 543 2295 615 constituiturt,

229 668 356 726 ergo
374 666 475 725 per
498 642 757 703 eamdem
787 641 1035 719 gratiam·
1049 638 1390 717 justificatur
1408 682 1424 711 ,
1441 657 1545 717 per
1564 657 1742 717 quam
1764 660 1835 697 ex
1857 640 1975 696 Deo
1993 647 2299 715 generatur

230 752 286 801 et
314 738 675 798 constituitur
720 734 866 793 filius
907 734 1030 792 Dei.
1075 734 1205 791 Jam
1261 752 1397 795 vero
1425 731 1600 809 gratia
1623 775 1639 803 ,
1662 752 1766 812 per
1805 750 1978 812 quam
2006 731 2188 789 ‘homo
2229 751 2301 789 ex

233 836 350 892 Deo
398 842 732 910 generatur,
781 839 866 887 est
899 825 1204 886 habitualis
1246 837 1710 906 et-permanenS.
1741 826 2020 906 Etenim,
2058 827 2081 884 Ι
2129 827 2298 883 Joan.

230 928 309 985 III
329 971 344 1000 a
373 926 406 983 9
427 970 443 1000 ,
472 925 678 983 dicitur
721 946 735 981 ε
787 925 1030 992 Omnis,
1068 925 1177 999 qui
1206 930 1387 977 natus·
1424 930 1504 976 est
1536 939 1605 976 ex
1637 921 1760 977 Deo
1775 961 1796 989 ,
1830 930 2145 997 peceatum
2187 941 2308 977 non

227 1025 383 1100 facit
400 1064 415 1093 ‚
458 1023 741 1097 quoniam
768 1039 944 1075 smum
965 1036 1133 1073 11³sms
1163 1037 1222 1071 m
1259 1034 1327 1072 Eo
1348 1034 1556 1071 MANET,
1583 1013 1659 1070 Ac
1681 1012 1893 1094 iterum
1911 1057 1926 1086 ,
1953 1014 2118 1072 Joan.
2135 1014 2264 1070 XIV
2293 1058 2310 1086 7

235 1115 312 1172 23
342 1136 355 1170 ε
391 1114 491 1172 Ad
526 1134 657 1169 eum
682 1114 979 1169 veniemus
1005 1109 1146 1189 (per
1174 1108 1447 1186 gratiam)
1467 1152 1482 1180 .,
1510 1118 1562 1180 et
1587 1111 1955 1164 mansionem
1979 1107 2153 1184 apud
2176 1128 2312 1164 eum

233 1213 545 1287 faeie-mus.
577 1207 709 1265 Haec
732 1217 1004 1286 praeterea
1028 1203 1284 1261 doctrina
1303 1203 1675 1260 confirmatur
1693 1221 1764 1259 ex
1789 1200 1961 1259 Conc.
1980 1201 2311 1275 Viennensi,

238 1306 392 1378 cujus
415 1299 590 1361 verba
609 1301 863 1380 superius
885 1297 1185 1358 retulimus
1204 1343 1219 1373 7
1238 1308 1408 1376 atque
1437 1317 1507 1354 ex
1523 1297 1693 1354 Conc.
1718 1294 2055 1353 Tridentino
2079 1340 2095 1370 ‚
2121 1293 2313 1376 quod,

240 1417 372 1454 sess,
420 1395 493 1452 VI
523 1439 538 1468 ,
582 1394 761 1452 utitur
792 1394 1004 1475 passim
1043 1392 1180 1453 v'oce
1211 1392 1462 1449 inhaeret
1470 1434 1493 1462 ,
1555 1389 1841 1471 loquendo
1879 1389 1951 1449 de
1974 1389 2150 1468 gratia
2177 1411 2316 1447 san-

244 1490 528 1548 ctificante
546 1533 561 1562 ,
594 1509 704 1568 qua
730 1489 1106 1565 justificamur
1132 1530 1147 1559 7
1178 1498 1235 1544 et
1262 1496 1539 1566 praeterea
1562 1530 1577 1558 7
1616 1506 1738 1566 cap.
1762 1486 1862 1543 VII
1883 1530 1899 1559 7
1924 1483 2090 1543 docet
2105 1484 2319 1561 justifi-

246 1583 528 1643 cationem
562 1602 680 1640 esse
716 1582 1150 1641 renovationem
1186 1580 1467 1638 interioris
1514 1579 1763 1638 hominis
1800 1600 1906 1659 per
1933 1578 2322 1639 voluntariam

244 1676 657 1755 susceptionem
698 1676 887 1754 gratiae
929 1686 986 1733 et
1017 1675 1337 1747 donorum3
1383 1694 1507 1754 cap.
1542 1675 1656 1744 XL,
1690 1672 1854 1732 addit
1881 1718 1896 1746 a
1938 1672 2181 1752 gratiam
2195 1675 2324 1749 jus-

247 1770 563 1828 tificationis
581 1790 696 1827 non
719 1770 905 1827 amitti
927 1790 1030 1849 per
1044 1768 1286 1829 venialia
1307 1779 1536 1849 peccata
1557 1812 1573 1840 ,
1599 1779 1657 1827 et
1685 1789 1810 1850 cap.
1838 1769 1967 1826 XVI
1986 1811 2001 1841 ,
2029 1777 2324 1848 acceptam

249 1863 485 1943 gratiam
528 1862 743 1943 aliquos
773 1865 1105 1940 justificatos
1145 1874 1422 1944 perpetuo
1459 1883 1837 1936 conservare3
1889 1863 2070 1921 sensit
2110 1863 2319 1941 igitur,

249 1958 485 2036 gratiam
521 1959 929 2033 justificantem
967 1979 1086 2017 esse
1124 1956 1338 2037 aliquid
1381 1978 1745 2038 permanens,
1796 1959 1943 2016 Sane
1993 1955 2221 2037 parvuli
2267 1966 2326 2014 et

249 2061 525 2131 perpetuo
542 2063 793 2110 amentes
812 2097 827 2121 .‚
851 2052 989 2109 dum
1004 2050 1370 2132 baptizantur
1392 2096 1407 2125 a
1426 2053 1710 2132 accipiunt
1724 2053 1962 2131 gratiam
1977 2063 2036 2110 et
2053 2051 2326 2127 virtutes3

254 2145 409 2223 atqui
443 2166 568 2202 eam
607 2167 724 2203 non
762 2146 1043 2226 recipiunt
1071 2167 1174 2226 per
1209 2145 1450 2203 modum
1489 2147 1755 2204 motionis
1789 2145 1863 2204 ad
1893 2147 2325 2226 operationem,

253 2243 405 2314 cujus
447 2239 736 2320 incapaces
777 2251 941 2311 sunt3
993 2261 1123 2317 ergo
1174 2261 1277 2319 per
1313 2239 1553 2298 modum
1603 2240 1854 2298 habitus,
1906 2241 2046 2312 Quae
2093 2237 2328 2320 quidem
2406 2262 2409 2265 ·

252 2342 539 2410 postrema
569 2334 713 2390 ratio
751 2331 1128 2390 ineluetabilis
1157 2354 1389 2412 prorsus
1421 2344 1508 2392 est
1539 2333 1645 2413 (l).

322 2519 395 2583 (1)
427 2519 523 2568 Cfr.
540 2519 705 2569 Suarez
732 2521 817 2568 loc.
841 2523 916 2569 cit.
938 2520 1009 2568 Ad
1038 2539 1090 2569 ea
1110 2538 1241 2581 vero,

257 2616 353 2663 quae
384 2601 554 2663 profert
588 2601 791 2650 Morinus
818 2621 871 2651 ex
898 2602 1107 2650 Patribus
1124 2638 1138 2662 ,
1170 2621 1243 2652 re-

255 2682 464 2744 ponimus
480 2718 493 2740 ,
515 2684 672 2747 utique
696 2682 846 2731 Patres
870 2702 964 2731 non
988 2687 1246 2734 meminisse

256 2763 404 2825 gratiae
418 2759 672 2810 habitualis
687 2763 759 2810 vel
773 2766 908 2812 etiam
939 2766 1247 2828 sanctifican-

255 2843 347 2901 tia,
393 2859 497 2890 cum
534 2843 629 2891 haec
671 2846 856 2906 nomina
886 2847 1024 2893 serius
1060 2847 1246 2894 inducta

258 2924 369 2982 sint3
399 2924 558 2971 damus
585 2934 801 2988 praeterea
833 2928 948 2990 ipsi,
978 2926 1128 2976 Patres
1157 2931 1246 2976 mi-

259 3005 382 3052 nime
406 3005 576 3053 locutos
602 2996 734 3054 fuisse
770 3006 827 3055 de
856 3008 1083 3058 infusione
1110 3010 1248 3058 habi-

261 3086 392 3131 tuum
414 3121 427 3143 ,
462 3085 625 3135 autvde
667 3088 993 3151 qualitatibus,
1029 3108 1135 3150 cum
1175 3092 1246 3140 hae

261 3165 421 3226 pariter
443 3165 657 3230 loquendi
674 3169 827 3216 formae
843 3173 1025 3219 nonnisi
1051 3175 1247 3237 sequiori

263 3259 354 3291 aevo
397 3244 670 3295 obtinuerint
699 3249 746 3296 in
777 3251 974 3313 scholis,
1006 3264 1247 3320 postquam

263 3323 434 3372 scilicet
460 3326 705 3376 Aristotelis
736 3330 1017 3397 philosophia
1050 3337 1249 3384 invales-

264 3420 362 3454 cere
378 3409 526 3469 rapit.
550 3407 718 3457 Verum
742 3412 865 3460 uliud
895 3422 960 3461 est
981 3417 1037 3463 de
1059 3416 1248 3466 vocibus

262 3501 316 3531 ac
345 3487 639 3549 nominibus,
675 3501 751 3538 aut
792 3495 929 3541 etiam
972 3495 1028 3543 de
1073 3500 1247 3546 ratiune

263 3567 515 3628 exponendi
527 3569 726 3634 aliquam
738 3573 989 3624 doctrinam
1003 3576 1215 3627 disserere
1229 3615 1244 3637 ‚

263 3645 385 3694 aliud
418 3665 518 3696 vero
535 3650 698 3716 deipsa
715 3671 779 3702 re.
802 3653 938 3705 Porro
966 3658 1129 3706 falsum
1150 3668 1243 3720 est,

1323 2520 1478 2571 Patres
1508 2539 1603 2570 non
1624 2524 1861 2587 agnovisse
1876 2532 2042 2571 statum
2061 2539 2328 2587 permanen·

1322 2606 1378 2651 tis
1403 2606 1590 2669 justitiae
1620 2615 1663 2652 et
1693 2605 2065 2653 sanctificationis
2096 2607 2149 2651 in
2177 2605 2328 2652 homi-

1322 2687 1459 2735 nibus
1486 2690 1638 2752 justis,
1680 2686 1802 2735 Satis
1836 2691 1894 2735 sit
1922 2688 2075 2736 oculos
2106 2690 2328 2754 conjicere

1323 2766 1378 2815 in'
1407 2770 1649 2817 innumera
1676 2786 1792 2833 pene
1827 2768 2012 2817 Pati-um
2040 2770 2294 2817 testimonia
2312 2805 2326 2828 ,

1323 2865 1427 2914 quae
1456 2851 1672 2899 refertae
1722 2851 1914 2899 illustrat
1952 2836 2191 2909 Petavius,
2244 2849 2325 2898 De

1334 2930 1515 2979 Trinit.
1552 2931 1635 2979 lib.
1670 2949 1750 2980 vm
1770 2970 1783 2993 ‚
1816 2949 1950 2998 capp.
1981 2930 2041 2995 4,
2068 2930 2131 2993 5,
2162 2929 2223 2991 6,
2265 2948 2325 2997 7,

1325 3029 1378 3060 ex
1392 3013 1560 3077 quibus
1575 3016 1852 3078 apertissime
1866 3023 2058 3074 constat,
2070 3012 2219 3062 Patres
2232 3031 2328 3061 een·

1325 3096 1465 3155 sisse,
1502 3095 1652 3143 Deum
1683 3095 1952 3143 inhabitare
1979 3098 2029 3142 in
2056 3097 2207 3164 anima
2229 3098 2329 3160 jus-

1326 3179 1375 3233 ti,
1398 3193 1499 3223 eam
1516 3175 1712 3241 implere
1726 3211 1743 3238 ‚
1762 3177 1933 3241 efficere
1946 3177 2125 3225 divinae
2143 3184 2329 3223 naturoe

1317 3258 1631 3322 participem,
1675 3260 1739 3305 in·
1770 3275 1822 3305 ea
1847 3266 2071 3322 perpetuo
2100 3272 2293 3305 manere
2311 3293 2325 3316 ‚

1326 3348 1415 3386 etc.
1431 3368 1448 3398 ,
1471 3341 1673 3387 animam
1689 3340 1794 3403 justi
1814 3354 1919 3386 eum
1926 3340 2174 3404 percipere
2191 3374 2205 3397 ‚
2231 3339 2327 3386 fieri

1328 3419 1552 3482 templum
1596 3419 1796 3484 Spiritus
1839 3420 1996 3469 Sancti
2017 3458 2030 3481 ‚
2071 3429 2159 3469 etc.
2180 3456 2195 3480 ‚
2222 3421 2328 3466 ¹imo

1326 3514 1412 3546 nec
1438 3516 1464 3546 a
1491 3515 1602 3549 voce
1629 3501 1878 3565 qualitatis
1895 3500 2046 3550 Patres
2066 3501 2328 3549 abhorrent.

1326 3578 1379 3627 Id
1403 3582 1524 3628 enim
1551 3592 1705 3646 aperte
1726 3593 1902 3632 constat
1916 3598 1976 3632 ex
1997 3581 2142 3630 verbis
2162 3578 2214 3627 Sa
2239 3579 2323 3644 Cy-

1327 3660 1418 3708 rilli
1443 3661 1571 3729 Alex.
1583 3663 1669 3714 lib.
1685 3678 1732 3714 lx
1751 3701 1766 3727 ,
1785 3666 1841 3712 in
1856 3663 2002 3714 Joam
2020 3657 2104 3711 ubi
2120 3663 2181 3711 ait
2198 3678 2211 3710 :
2230 3665 2326 3712 Πῶς
