2430 4056
198 177 318 237 250
953 193 1142 232 macr.
1185 194 1255 230 1111
1298 192 1523 234 canu.

200 344 344 398 toris
377 337 490 417 (1),
524 346 582 395 et
620 331 755 392 alibi
784 332 1014 413 passim.
1051 333 1106 391 S.
1135 332 1247 390 Leo
1276 351 1290 387 ε
1333 334 1502 392 Fides
1526 335 2027 421 verajustifieam
2054 337 2266 412 impios

199 445 253 493 et
288 452 493 492 ereans
516 433 715 507 justos
742 427 856 506 (2).
896 427 1156 507 Denique
1181 429 1347 503 juxta
1370 426 1428 484 S.
1462 427 1817 486 Bernardum
1853 426 1982 485 ideo
2010 426 2270 486 Christus

199 538 425 586 tantum
459 522 605 580 dixit
632 543 645 578 z
692 523 814 600 Qui
842 541 962 578 non
987 520 1307 579 crediderit
1331 561 1355 590 ,
1383 521 1911 595 condemnabitur,
1947 531 2012 578 ut
2034 541 2139 601 per
2162 520 2271 578 hoc

199 621 462 678 innueret
492 639 504 673 ι
542 617 740 673 Solam
766 615 1071 672 interdum
1097 614 1277 691 fidem
1309 613 1563 690 sufficere
1594 617 1678 676 ad
1693 619 1940 674 salutem
1970 614 2074 693 (3).
2103 615 2266 693 Ergo.

204 708 209 712 ’
277 711 411 769 547.
455 711 627 790 Resp.
656 711 817 772 Disc.
840 719 966 766 am.
997 710 1104 766 Per
1123 707 1542 789 oppositionem
1568 708 1644 767 ad
1674 708 1859 789 legem
1879 732 1980 769 seu
2003 708 2077 767 ad
2101 730 2273 790 opera

198 817 425 864 tantum
449 802 788 862 naturaliter
810 802 1084 878 honesta,
1119 823 1306 874 conc.;
1342 822 1447 882 per
1478 802 1898 882 oppositionem
1920 803 1995 862 ad
2023 802 2274 883 reliquas

196 899 591 981 dispositiones
625 908 685 956 et
719 897 792 956 ad
823 919 994 976 opera
1038 919 1109 956 ex
1135 895 1248 955 fide
1273 896 1458 955 elicita
1482 940 1498 970 ‚
1542 918 1670 976 neq.

277 992 413 1050 548.
448 994 593 1051 Sane
608 992 663 1050 S.
676 991 924 1050 Hilarius
944 991 1119 1050 fidem
1139 991 1380 1072 opponit
1394 989 1526 1069 legi;
1546 990 1627 1048 ait
1640 991 1798 1049 enim
1812 990 1955 1050 ibid.
1974 991 2276 1052 hominem

197 1088 366 1147 fuisse
401 1087 473 1146 ab
510 1088 606 1146 illo
645 1099 875 1168 peccato
911 1087 1217 1146 liberatum
1246 1131 1262 1161 ,
1300 1087 1460 1166 quod
1492 1092 1581 1144 lex
1620 1087 1820 1144 lavare
1857 1108 1979 1146 non
1991 1098 2226 1166 poterat
2249 1111 2276 1160 ,-

190 1184 335 1261 fides
357 1188 520 1242 enim
547 1186 663 1241 sola
674 1185 989 1262 justificat.

277 1277 411 1335 549.
456 1277 671 1335 Eodem
717 1299 888 1336 sensu
945 1278 1200 1359 loquitur
1255 1275 1671 1336 Ambrosiaster
1693 1320 1710 1350 .,
1772 1287 2040 1358 spectans
2101 1297 2276 1358 opera

201 1370 385 1429 elicita
419 1370 632 1450 absque
672 1370 803 1429 fide.

279 1464 417 1522 550.
437 1466 493 1522 S.
520 1465 553 1523 J
559 1486 690 1522 0311.
713 1465 1169 1543 Chrysostomus7
1195 1487 1296 1523 seu
1318 1465 1508 1546 potius
1527 1475 1724 1523 auctor
1737 1464 1887 1523 illius
1903 1466 2188 1524 Homilioe
2210 1464 2280 1523 de

191 1560 306 1637 fide
336 1558 589 1638 loquitur
614 1557 685 1617 de
710 1558 977 1639 operibus
1015 1560 1266 1617 externis
1292 1604 1307 1632 ,
1333 1580 1457 1639 quae
1487 1581 1607 1617 non
1634 1570 1771 1617 sunt
1805 1558 2060 1636 ejusdem
2082 1579 2282 1617 neces-

201 1653 379 1710 sitatis
404 1673 466 1710 ac
497 1651 666 1725 fides.,
697 1663 763 1710 ut
784 1664 946 1734 patet
969 1674 1038 1711 ex
1060 1653 1311 1730 subjecta
1337 1637 1596 1712 materia.
1623 1655 1793 1712 Latro
1823 1655 1980 1712 enim
2011 1652 2278 1727 credidit,

202 1746 451 1826 speravit
477 1757 535 1804 et
577 1745 797 1805 dilexit.
844 1747 1113 1805 Ceterum
1138 1747 1256 1805 haec
1291 1747 1526 1806 homilia
1568 1749 1760 1829 spuria
1799 1759 1904 1807 est.
1985 1800 1987 1802 a

282 1838 415 1896 551.
467 1839 524 1896 S.
567 1839 912 1918 Augustinus
938 1862 1044 1921 per
1080 1842 1250 1899 citata
1273 1841 1448 1903 verba
1469 1887 1485 1915 ,
1515 1854 1582 1900 ut
1612 1842 1752 1901 alibi
1781 1864 2014 1923 semper
2032 1887 2048 1917 a
2081 1842 2280 1918 docet,

202 1943 423 1991 veteres
458 1934 692 1991 Sanctos
724 1956 843 1991 non
886 1934 1057 1993 fuisse
1088 1936 1424 2010 justificatos
1465 1957 1570 2015 per
1608 1957 1782 2016 opera
1822 1936 1995 2015 legis,
2043 1936 2145 1994 sed
2179 1956 2284 2015 per

203 2027 379 2085 fidem
416 2027 476 2084 in
511 2027 799 2086 Christum
828 2038 885 2086 et
926 2029 1166 2107 gratiam
1192 2033 1311 2106 ejus
1339 2074 1354 2103 ·.
1387 2051 1507 2088 non
1531 2051 1690 2098 secus
1716 2051 1780 2089 ac
1804 2052 1908 2089 nos
1930 2055 1945 2104 ς
1971 2042 2038 2088 ut
2064 2041 2286 2089 constat

206 2144 278 2180 ex
311 2125 430 2197 ejus
473 2141 640 2200 scopo
665 2120 936 2182 adversus
967 2122 1317 2200 Pelagianos,

286 2215 422 2271 552.
470 2216 523 2272 S.
563 2217 674 2273 Leo
724 2215 979 2295 loquitur
1023 2215 1092 2274 de
1130 2217 1242 2274 fide
1293 2215 1568 2274 catholica
1611 2239 1716 2297 per
1760 2219 2184 2298 oppositionem
2219 2216 2293 2276 ad

204 2307 370 2366 falsas
411 2319 587 2367 sectas
617 2309 1014 2367 haereticorum
1036 2354 1051 2382 ,
1078 2311 1140 2366 111
1186 2309 1394 2390 quibus
1421 2309 1572 2367 salus
1609 2310 1811 2369 haberi
1845 2314 2066 2394 nequit.

285 2401 422 2461 553.
471 2404 527 2460 S.
568 2403 890 2461 Bernardus
931 2403 1157 2463 disserit
1192 2404 1264 2463 de
1308 2404 1517 2462 actuali
1576 2407 1938 2487 susceptione
1976 2406 2249 2488 baptismi
2277 2450 2293 2480 .,

205 2517 332 2576 quae
364 2496 619 2556 absolute
636 2499 930 2557 interdum
953 2500 1267 2558 necessaria
1298 2522 1418 2558 non
1449 2510 1537 2559 est
1558 2545 1573 2574 a
1598 2512 1663 2559 ut
1683 2501 1869 2583 liquet
1892 2523 1961 2561 ex
1986 2511 2260 2561 contextu
2276 2545 2293 2577 ‚

205 2588 307 2647 ubi
336 2591 588 2650 ostendit
615 2637 630 2665 .‚
686 2592 862 2651 fidem
898 2615 1029 2652 cum
1064 2606 1199 2654 voto
1236 2593 1510 2675 baptismi
1542 2596 1604 2653 in
1644 2618 1777 2655 casu
1823 2597 2183 2656 necessitatis
2209 2616 2296 2654 ac-

207 2683 422 2745 tualem
468 2687 723 2764 ejusdem
749 2689 1180 2769 perceptionem
1205 2688 1473 2770 supplere
1499 2712 1666 2771 posse
1691 2717 1707 2765 3
1750 2691 1887 2750 alibi
1916 2693 2074 2751 enim
2101 2701 2297 2772 aperte
2357 2736 2360 2741 .

211 2775 378 2838 docet
421 2804 437 2839 z
474 2781 600 2840 Nec
638 2783 781 2860 fides
821 2787 946 2840 sine
985 2785 1265 2862 operibus
1282 2827 1303 2855 ,
1343 2805 1451 2842 nec
1491 2805 1668 2864 opera
1700 2790 1828 2845 sine
1862 2787 1980 2865 fide
2006 2786 2306 2864 sufficiunt

224 2874 310 2931 ad
349 2879 554 2935 animi
589 2878 1005 2936 rectitudinem
1034 2877 1141 2958 (4).

280 3130 345 3192 (l)
371 3129 472 3181 Lib.
491 3149 526 3178 1.
562 3131 701 3182 Cont.
738 3133 860 3182 duas
885 3135 1022 3201 epist.
1038 3135 1242 3201 Pelaq.s
1369 3136 1439 3199 (le)
1473 3136 1628 3185 Serm.
1659 3155 1795 3192 xxxv„
1820 3139 1876 3185 in
1897 3136 2099 3184 Cantica
2122 3174 2135 3195 ,
2168 3155 2216 3184 n.
2250 3134 2302 3184 8.

216 3226 320 3274 cap.
356 3226 411 3257 21
439 3247 454 3272 ‚
489 3230 536 3260 n.
565 3213 653 3279 39.
1302 3217 1358 3265 Et
1380 3219 1458 3266 1110
1483 3219 1675 3268 observo
1696 3256 1709 3278 ‚
1743 3221 1979 3267 neminem
2015 3237 2068 3267 ex
2096 3217 2307 3266 Patribus

285 3291 348 3353 (2)
378 3289 479 3356 Ep.
523 3310 674 3343 cxxlv.
704 3313 802 3361 cap.
831 3294 883 3359 4.
910 3298 1021 3346 edit.
1050 3299 1219 3349 Baller.
1301 3301 1497 3348 inveniri
1521 3335 1536 3360 ‚
1574 3302 1658 3365 qui
1693 3309 1954 3349 constanter
1985 3317 2082 3349 non
2113 3299 2271 3348 doceat
2289 3335 2304 3360 ,

215 3370 323 3420 alias
347 3388 538 3422 Lxxxm.
1306 3383 1578 3446 necessarias
1601 3398 1700 3430 esse
1731 3398 1840 3431 cum
1868 3381 1961 3431 fide
1989 3382 2188 3447 reliquas
2213 3378 2309 3428 dis-

284 3450 345 3514 (3)
377 3451 429 3500 E
423 3455 550 3519 pist.
581 3474 662 3505 seu
697 3458 860 3510 Tract.
879 3460 944 3509 ad
971 3461 1230 3527 Huqonem
1302 3454 1559 3528 ,1100111011οὲ
1574 3462 1632 3510 ad
1649 3464 2020 3529 justificationem
2034 3473 2078 3512 et
2096 3461 2307 3520 salutem3

218 3535 275 3584 de
314 3533 371 3585 S.
395 3534 586 3586 Victore
605 3574 619 3598 ‚
662 3541 718 3589 de
738 3541 1017 3613 Baptismo,
1044 3561 1147 3610 cap.
1180 3560 1229 3595 2.
1313 3555 1365 3594 ut
1389 3554 1516 3610 patet
1549 3562 1602 3594 ex
1633 3546 1688 3594 iis
1716 3547 1823 3612 ipsis
1853 3546 1965 3596 locis
1998 3549 2166 3614 1110110·
2194 3556 2308 3590 con-

218 3635 269 3667 n·
303 3616 354 3683 8,
371 3619 480 3670 edit·
513 3620 666 3672 Maur·
778 3658 780 3660 v
1091 3678 1093 3680 .
1315 3626 1443 3676 textu
1472 3629 1683 3693 spectatis
1699 3664 1712 3688 ‚
1737 3644 1840 3698 quae
1867 3627 2001 3678 1101113
2030 3625 2309 3691 objiciuntur
