2540 4074
337 200 448 257 120
1087 188 1277 247 mer.
1324 209 1392 246 m:
1435 208 1657 247 enum.

333 360 492 417 tione
542 351 895 415 voluntatem
942 347 1173 428 physice
1219 342 1764 427 praedeterminante
1813 366 1877 403 ac
1907 342 2243 403 necessario
2272 364 2400 403 eam

339 451 413 511 ad
445 466 779 509 consensum
814 441 1111 514 trahente,
1148 450 1351 520 utpote
1387 459 1514 519 quae
1551 440 1625 498 sit
1655 440 1934 498 intensior
1969 434 2402 520 oppositacon-

347 541 700 625 cupiscentiae
730 535 1106 595 delectatione
1137 544 1195 591 et
1222 528 1372 590 illius
1396 532 1634 592 relative
1668 527 1774 614 per
1809 533 2015 613 gradus
2042 533 2266 594 victrix.
2318 575 2325 578 -

416 637 550 694 249.
597 629 1126 696 ,ΙυΧῖαΤὴοωίεῑεε
1165 628 1350 707 repeti
1384 626 1513 684 talis
1547 629 1825 687 connexio
1863 628 2036 687 debet
2070 649 2139 686 ex
2175 627 2406 708 physica

339 725 928 813 pi'aedeterminatione
965 722 1034 780 ad
1079 732 1269 778 actum
1303 719 1635 779 salutarem.

415 821 552 879 250.
582 821 753 877 Juxta
772 815 1309 894 Augustinianenses
1329 859 1344 887 7
1371 814 1576 872 saltem
1603 814 1664 871 in
1677 816 1955 894 fpraesenti
1985 815 2236 874 hominis
2263 815 2410 896 lapsi

338 928 486 975 statu
511 960 524 987 7
558 914 617 970 in
638 911 1009 970 delectatione
1026 908 1241 967 coelesti
1264 952 1279 981 7
1312 930 1439 988 quae
1466 909 1540 966 sit
1567 907 1833 987 gradibus
1860 910 2115 990 superior
2128 911 2408 991 oppositae

343 1010 558 1070 effraeni
591 1003 1060 1085 concupiscentiae
1078 1049 1093 1075 7
1127 1002 1462 1083 reponenda
1489 1013 1593 1061 est.

418 1103 553 1160 251.
601 1102 671 1158 Hi
714 1120 909 1157 omnes
944 1096 1184 1178 proinde
1210 1096 1514 1155 essiCaciam
1542 1096 1734 1175 gratiae
1757 1107 2030 1177 repetunt
2060 1096 2132 1155 ab
2173 1097 2294 1177 ipsa
2317 1117 2414 1154 na-

341 1210 467 1256 tura
500 1208 557 1254 et
582 1195 821 1253 essentia
853 1192 1043 1271 gratiae
1066 1236 1080 1264 7
1107 1212 1237 1271 quae
1260 1212 1454 1250 secum
1477 1190 1719 1249 includit
1742 1201 1931 1262 actum
1959 1235 1975 1266 7
2006 1190 2080 1249 ad
2099 1212 2271 1272 quem
2297 1212 2417 1250 mo-

342 1303 481 1362 vet3
522 1300 837 1367 vocantque
875 1296 1177 1366 propterea
1215 1285 1455 1364 gratiam
1497 1285 1783 1343 efficacem
1818 1307 1858 1343 a
1891 1307 1947 1343 se
1975 1297 2035 1343 et
2072 1287 2149 1343 ab
2177 1289 2418 1343 intrin-

342 1405 459 1442 seco
480 1428 494 1456 7
524 1403 651 1439 cum
681 1381 786 1438 hoc
813 1392 1009 1438 tamen
1041 1378 1366 1436 discrimine
1394 1424 1409 1452 7
1439 1378 1594 1460 quod
1634 1380 1947 1439 Novatores
1977 1400 2040 1437 ac
2076 1380 2418 1438 Jansenistae

342 1476 580 1534 doceant
601 1521 616 1548 7
648 1476 886 1553 gratiam
922 1485 1112 1531 actum
1135 1471 1428 1531 includere
1448 1517 1463 1545 7
1507 1494 1606 1531 seu
1641 1472 1716 1530 ad
1750 1492 1885 1532 eum
1918 1494 2153 1533 movere
2181 1493 2245 1531 ac
2269 1493 2417 1554 prae-

345 1569 726 1628 determinare
766 1572 1124 1640 ozecessarz'o7
1157 1567 1330 1625 ceteri
1366 1578 1559 1626 autem
1600 1566 1660 1624 id
1704 1568 1883 1625 libere
1917 1568 2161 1645 gratiam
2196 1566 2419 1626 efficere

352 1662 725 1720 contendant.

423 1757 561 1813 252.
592 1758 958 1835 Congruistae7
987 1769 1321 1837 respuentes
1352 1756 1713 1816 essentialem
1728 1756 1877 1815 hanc
1895 1756 2085 1836 gratiae
2109 1756 2422 1815 connexio-

344 1871 478 1908 nem
518 1871 646 1907 cum
678 1861 806 1907 actu
844 1871 943 1907 seu
973 1850 1176 1908 effectu
1197 1896 1211 1924 7
1251 1851 1585 1929 confugiunt
1609 1850 1682 1908 ad
1708 1852 2131 1931 praescientiam
2163 1850 2424 1910 divinam

348 1955 517 2024 atque
544 1944 616 2002 ad
647 1945 951 2003 efficaciam
979 1945 1206 2023 gratiae,
1236 1966 1334 2003 seu
1359 1946 1548 2025 potius
1587 1946 2003 2003 connexionem
2033 1945 2225 2024 gratiae
2243 1945 2423 2026 ipsius

348 2059 473 2096 cum
500 2039 742 2096 hominis
775 2060 1055 2097 consensu
1088 2051 1362 2119 repetunt
1399 2051 1523 2096 tum
1560 2061 1630 2097 ex
1671 2040 1728 2098 vi
1756 2040 1946 2117 gratiae
1966 2084 1981 2113 7
2014 2051 2141 2097 tum
2169 2060 2240 2097 ex
2274 2059 2423 2120 prae-

348 2133 577 2190 scientia
604 2135 703 2191 Dei
723 2179 736 2205 7
765 2134 862 2213 qui
888 2154 1020 2191 cum
1054 2146 1207 2191 certo
1231 2134 1564 2212 'cognoscat7
1598 2133 1739 2214 quid
1764 2134 2026 2192 futurum
2057 2135 2130 2192 sit
2161 2178 2175 2207 7
2215 2135 2259 2191 si
2285 2132 2422 2201 talis

349 2227 526 2303 gratia
561 2226 788 2284 daretur
802 2270 823 2300 2
866 2238 922 2285 et
962 2227 1279 2286 decreverit
1310 2228 1558 2308 aliquem
1602 2224 1975 2303 convertere7
2016 2250 2144 2287 eam
2186 2229 2427 2308 gratiam

349 2320 567 2377 confert
601 2366 615 2393 7
658 2322 743 2377 cui
783 2321 1064 2401 praevidet
1099 2334 1254 2381 certo
1291 2322 1589 2380 hominem
1632 2344 1752 2381 esse
1782 2343 2219 2382 consensurum.
2266 2325 2429 2381 Hanc

347 2412 552 2471 idcirco
605 2416 842 2492 gratiam
898 2428 1106 2474 vocant
1163 2417 1449 2477 efficacem
1502 2411 1580 2475 ab
1636 2423 1955 2476 eoetrz‘nseco
1981 2463 1996 2493 7
2056 2439 2126 2477 ex
2183 2418 2425 2499 praeviso

350 2528 558 2586 nempe
600 2507 779 2566 libero
822 2508 1070 2568 hominis
1115 2532 1418 2569 consensu.

430 2601 568 2657 253.
617 2603 782 2672 Quod
827 2625 963 2663 vero
999 2618 1218 2685 spectat
1255 2606 1329 2664 ad
1363 2606 1605 2685 gratiam
1645 2608 2026 2684 sufficientem
2058 2651 2074 2680 7
2112 2627 2176 2664 ea
2216 2616 2303 2664 est
2339 2605 2430 2663 cui

352 2692 525 2750 homo
561 2696 770 2752 resistit
793 2740 808 2768 7
848 2717 946 2754 seu
972 2700 1059 2755 cui
1085 2721 1204 2757 non
1243 2701 1527 2758 consentit
1549 2726 1564 2773 3
1592 2701 1857 2759 nonnulli
1884 2700 2013 2759 eam
2037 2710 2246 2761 vocant
2271 2703 2430 2778 inef-

345 2788 582 2864 ficacem
594 2830 615 2857 ,
651 2808 769 2844 non
809 2791 1127 2866 inefficacia
1154 2786 1393 2851 virtutis
1413 2838 1434 2865 ,
1464 2794 1563 2853 sed
1588 2806 1851 2876 respectu
1875 2816 2183 2854 consensus
2212 2839 2228 2869 7
2253 2816 2428 2876 quem

351 2880 538 2960 reipsa
565 2879 636 2937 ab
662 2880 894 2940 homine
921 2905 1039 2940 non
1069 2881 1309 2944 obtinet.
2162 2908 2164 2910 ’

431 2974 569 3031 254.
620 2973 890 3034 Calvinus
926 2990 1055 3057 post
1091 2979 1407 3039 Lutherum
1435 2967 1658 3041 nullam
1684 2983 1925 3064 gratiam
1954 3004 2112 3042 mere
2150 2982 2429 3042 sufficien-

354 3077 472 3123 tem
503 3068 747 3127 admisit.

436 3158 574 3216 255.
622 3164 921 3223 Jansenius
966 3166 1272 3226 fidissimus
1320 3191 1521 3229 eorum
1573 3172 1885 3254 discipulus
1922 3173 2139 3254 pariter
2187 3173 2429 3252 gratiam

358 3272 490 3309 vere
517 3273 578 3310 ac
604 3275 758 3314 mere
786 3258 1163 3320 sufficientem
1183 3284 1484 3344 nunquam
1510 3267 1780 3344 agnovit7
1812 3287 1918 3325 nec
1938 3268 2052 3325 nisi
2072 3266 2246 3327 verbo
2263 3278 2430 3326 tenus

357 3343 467 3402 ab
453 3346 517 3402 lis
550 3345 755 3406 differt.
1788 3374 1792 3377 “

438 3440 576 3498 256.
625 3443 704 3500 Ex
754 3413 1093 3507 scholasticis
1131 3451 1439 3512 Thomistae
1491 3466 1549 3513 et
1583 3457 2122 3534 Augustinianenses
2175 3456 2430 3515 ineffica-

356 3532 501 3590 ciam
542 3537 730 3612 gratiae
761 3539 1088 3600 sufficientis
1119 3557 1392 3625 repetunt
1414 3547 1631 3629 abipsa
1661 3561 1868 3608 natura
1893 3572 1992 3609 seu
2022 3551 2268 3610 essentia
2296 3571 2428 3631 gra—

356 3626 450 3685 tiae
468 3648 631 3707 7quae
656 3629 755 3688 dat
781 3633 1012 3712 quidem
1015 3657 1215 3714 posse
1229 3638 1363 3698 sed
1363 3661 1492 3699 non
1515 3641 1615 3701 dat
1631 3665 1833 3722 aqere7
1860 3665 1960 3704 seu
1970 3646 2429 3726 possibilitatem

350 3728 579 3778 tantum
615 3723 873 3798 confert,
902 3749 1021 3788 non
1045 3741 1237 3791 autem
1260 3744 1484 3794 actu-m.
