2430 4056
2047 93 2050 96 ’
2125 132 2240 192 281

886 151 1017 193 PARS
1061 155 1149 191 111.
1198 154 1267 191 DE
1310 154 1537 192 Munl'ro.

170 295 295 375 quae
331 293 519 354 solum
561 293 635 352 ad
666 311 902 375 poenam
934 291 1106 351 modo
1149 292 1361 352 forensi
1402 313 1521 350 non
1557 291 1937 372 imputantur.
1968 288 2110 350 Inde
2141 292 2244 364 fit,

167 398 234 445 ut
272 385 877 468 peccatum‘originale
914 386 1068 446 velut
1106 386 1425 445 substantia
1456 384 1721 466 quaedam
1757 385 1968 464 jugiter
1988 385 2061 442 ⁴in
2089 388 2246 461 justo

169 491 508 561 permaneat
520 505 542 555 ⁴7
570 479 882 561 quodcum
908 480 1088 539 inficit
1107 502 1224 539 una
1249 501 1379 539 cum
1406 480 1520 537 suis
1543 477 1991 560 operationibus.
2031 479 2247 552 Quem-

166 569 479 634 admodum
521 594 659 634 vero
707 586 1000 654 peccatum
1051 575 1160 634 hoc
1200 574 1471 653 originale
1515 595 1575 632 se
1611 571 2017 631 manifestabat
2048 574 2110 631 in
2148 572 2249 631 ho-

163 669 322 728 mine
373 672 522 728 ante*
543 669 1010 746 justificationem
1058 691 1164 750 per
1210 680 1463 750 peccatax
1501 667 1773 739 actualia,
1827 667 1905 725 sic
1956 667 2143 748 pergit
2187 688 2247 726 se

164 761 530 821 manifestare
564 784 670 843 per
719 763 920 822 eadem
956 772 1185 844 peccata
1229 773 1360 841 post
1391 761 1882 839 justificationem.
1919 761 2247 820 Manifestat

165 864 360 913 autem
394 876 454 913 se
490 866 617 913 tum
641 857 704 914 in
746 855 1170 938 operationibus
1193 856 1477 936 perversis
1505 900 1520 929 7
1562 865 1690 912 tum
1725 855 1786 911 in
1823 853 2074 913 motibus
2107 875 2247 913 con-

164 948 522 1028 cupiscentiae
548 995 563 1024 7
596 971 720 1031 quae
745 951 988 1010 totidem
1022 960 1415 1032 peccata’sunt
1448 949 1509 1006 in
1533 948 1742 1007 horum
1763 950 2079 1021 sententia7
2119 959 2247 1007 tum

161 1039 409 1123 denique
429 1043 491 1101 in
513 1045 938 1125 operationibus
957 1044 1121 1103 bonis
1142 1089 1158 1118 7
1187 1064 1326 1124 quas
1345 1042 1701 1123 coinquinat.
1722 1043 1892 1116 Nam7
1921 1039 2055 1100 licet
2073 1062 2247 1121 opera

162 1132 317 1194 bona
361 1137 683 1197 efficiantur
718 1141 934 1198 virtute
966 1139 1158 1218 gratiae
1199 1148 1257 1195 et
1298 1137 1542 1216 Spiritus
1591 1137 1781 1194 Sancti
1809 1180 1824 1207 7
1884 1136 1983 1215 qui
2011 1178 2027 1209 7
2068 1136 2246 1214 gratia

161 1231 561 1295 necessitatem
599 1233 886 1292 inferente
912 1277 928 1307 7
959 1236 1143 1311 justos
1180 1231 1429 1311 impellit
1468 1229 1543 1288 ad
1581 1251 1673 1288 eas
1719 1229 2022 1288 eliciendas
2050 1273 2066 1303 7
2115 1251 2247 1298 cum

161 1333 359 1382 tamen
390 1326 676 1405 prodeant
705 1326 778 1384 ab
810 1327 1045 1385 homine
1076 1337 1308 1406 peccato
1333 1325 1544 1383 infecto
1567 1334 1738 1404 atque
1761 1368 1776 1397 7
1807 1335 1875 1381 ut
1902 1324 1979 1381 ita
2014 1323 2199 1382 dicam
2226 1369 2243 1397 7

161 1438 192 1474 a
216 1416 545 1477 ‘substantia
578 1420 728 1478 mala
749 1465 764 1493 7
806 1421 1173 1500 consequitur
1193 1463 1210 1493 7
1258 1419 1459 1477 eadem
1495 1439 1666 1497 opera
1704 1418 1918 1498 pariter
1949 1417 2100 1476 mala
2123 1419 2247 1477 fieri

161 1522 220 1569 et
241 1519 652 1590 peccaminosa
686 1514 794 1593 (1).
837 1514 1084 1573 Evidens
1109 1535 1281 1595 porro
1310 1524 1396 1571 est
1430 1513 1491 1569 in
1516 1512 1624 1569 hoc
1655 1521 1959 1591 systemate
1986 1557 2001 1585 7
2038 1512 2098 1570 1⁰
2119 1512 2247 1571 nul-

161 1604 285 1663 lum
327 1606 451 1665 dari
499 1629 641 1689 opus
681 1609 1043 1667 meritorium
1084 1609 1218 1666 vitae
1253 1619 1478 1666 aeternae
1522 1611 1755 1686 ejusque
1809 1607 2101 1684 augmenti
2141 1628 2246 1686 per

161 1712 537 1778 augmentum
576 1703 768 1782 gratiae
811 1702 1248 1774 sanctificantis7
1301 1723 1475 1781 quam
1517 1722 1819 1780 nunquam
1868 1703 2052 1777 justus
2088 1701 2244 1758 intus

162 1793 513 1873 adipiscitur.
546 1799 613 1853 20
645 1796 891 1855 Evidens
920 1797 1133 1876 pariter
1170 1807 1256 1854 est
1276 1841 1291 1868 7
1329 1816 1502 1876 opera
1533 1793 1685 1851 bona
1708 1793 1853 1850 nihil
1888 1794 2144 1852 conferre
2172 1793 2245 1851 ad

160 1888 337 1948 vitam
370 1900 642 1946 aeternam
661 1934 676 1963 7
721 1910 784 1947 ac
817 1901 1125 1970 propterea
1162 1888 1268 1947 sub
1303 1888 1412 1946 hoc
1443 1898 1708 1967 respectu
1738 1888 1861 1945 fieri
1887 1887 2109 1944 inutilia
2134 1888 2242 1966 (2).

98 2140 103 2142 ,
224 2076 296 2141 (l)
334 2071 397 2126 Ita
420 2078 649 2127 Lutherus
667 2115 679 2137 7
713 2077 892 2126 Assert.
923 2095 1050 2126 omn.
1071 2096 1149 2130 ar-

158 2160 242 2206 tic.
277 2176 381 2222 opp.
410 2170 523 2207 tom.
549 2177 612 2218 117
641 2160 722 2208 fol.
764 2159 895 2217 3357
924 2160 986 2206 b:
1016 2159 1153 2225 Opus

160 2238 336 2286 bonum
360 2241 530 2304 optime
550 2240 736 2303 factam
760 2249 828 2287 eet
850 2239 1034 2286 veniale
1046 2257 1151 2304 pee-

158 2327 337 2368 cata-m.
367 2318 473 2367 Hic
505 2320 761 2381 (articulus)
818 2321 1065 2384 manifeste
1090 2338 1154 2367 se-

160 2402 324 2464 quitur
338 2417 395 2447 ea·
406 2402 568 2466 priori
580 2437 595 2461 7
616 2403 719 2448 nisi
737 2401 861 2465 quod
880 2401 1153 2448 addendam

158 2483 241 2540 sit,
264 2481 390 2544 quod
420 2478 540 2528 alibi
563 2483 743 2546 copiose
778 2481 884 2529 dixi
916 2500 929 2530 ε
961 2482 1046 2529 hoe
1074 2499 1155 2530 ve-

157 2561 288 2609 niale
307 2571 557 2628 peccatum
578 2580 674 2610 non
703 2572 881 2610 natura
916 2580 1003 2610 sua
1025 2599 1039 2626 7
1075 2563 1156 2610 sed

159 2644 484 2691 misericordia
515 2646 617 2692 Dei
655 2643 747 2690 tale
790 2661 944 2692 esse...
998 2643 1156 2691 Omne

158 2740 275 2789 opas
287 2723 419 2785 justi
446 2724 717 2772 damnabile
744 2726 810 2771 est
837 2733 882 2772 et
906 2733 1155 2790 peccatam

157 2805 352 2852 mortale
370 2841 383 2864 7
431 2807 477 2851 ei
507 2805 707 2871 judicio
744 2804 845 2855 Dei
888 2806 1153 2871 judicetur.

159 2884 256 2934 Cfr.
285 2885 574 2935 Antilatom.
607 2886 889 2949 (Confutatio
923 2887 1152 2939 Luth.ra-

157 2966 339 3029 tionum
366 2967 569 3026 Latomi,
593 2967 803 3015 Doctoris
828 2966 1030 3030 Lovan.)
1060 2969 1150 3017 loc.

157 3049 234 3095 cit.
262 3044 490 3109 fol.4067
513 3046 567 3106 b,
596 3045 689 3112 407
718 3058 761 3095 et
791 3066 885 3113 seq.

169 3119 171 3121 ⁵
223 3127 319 3176 Nec
362 3128 490 3176 aliter
547 3129 751 3194 loquitur
812 3129 1106 3178 Melancthon
1133 3167 1147 3190 7

157 3208 278 3256 Loe.
314 3208 475 3282 TsheoI.
505 3226 613 3275 pag.
669 3207 759 3258 168
794 3227 808 3259 ε
852 3210 976 3276 Quae
1005 3227 1146 3271 vero,

156 3292 308 3355 inquit
330 3299 344 3348 7'
379 3294 521 3355 opera
554 3293 949 3357 justificationem
987 3309 1149 3340 eonse—
1179 3334 1187 3339 .

155 3380 371 3435 quaritur
391 3406 404 3428 ,
427 3388 482 3418 ea
495 3407 513 3433 7
549 3374 738 3420 tametsi
760 3389 790 3420 a
804 3372 994 3438 Spiritu
1014 3373 1116 3421 Dei
1132 3411 1145 3435 7

156 3454 244 3517 qui
267 3453 517 3517 occupavit
560 3452 702 3501 cerda
734 3454 1111 3520 justificatorum
1132 3492 1145 3513 7

1236 2078 1488 2125 immunda
1508 2097 1529 2137 7·
1560 2088 1604 2126 et
1632 2095 1735 2141 pag,
1777 2076 1868 2126 158
1908 2094 1921 2125 ε
1952 2077 2052 2127 Nos
2078 2077 2246 2124 docui-

1237 2176 1344 2206 mus
1362 2159 1636 2224 justificari
1665 2157 1763 2205 sola
1784 2159 1940 2221 fide...
1965 2176 2105 2223 opera
2135 2176 2245 2206 nos-

1238 2249 1311 2286 tra
1332 2275 1347 2300 7
1379 2249 1575 2287 conatus
1608 2249 1793 2287 nostros
1812 2239 1939 2286 nihil
1959 2242 2061 2287 nisi
2076 2257 2247 2306 peeca-

1239 2329 1339 2366 tum
1372 2324 1485 2366 esee.

1307 2400 1368 2463 (2)
1404 2397 1560 2447 Solid.
1612 2398 1802 2449 Declar.
1830 2417 1874 2447 1v
1900 2438 1913 2460 7
1946 2400 1971 2466 ξ
2006 2397 2063 2448 15
2092 2438 2103 2459 7
2137 2418 2245 2467 pag.

1239 2479 1335 2546 672
1353 2518 1365 2540 7
1395 2481 1560 2528 dicitur
1591 2498 1605 2529 ε
1633 2481 1835 2528 Interim
1864 2490 2023 2528 tamen
2041 2481 2247 2545 diliqen-

1238 2562 1368 2608 tet-in
1384 2560 1467 2608 hoc
1479 2563 1661 2624 neqotio
1673 2562 1933 2610 cavendam
1949 2571 2033 2624 est,
2056 2579 2115 2609 ne
2126 2563 2247 2610 bona

1238 2659 1377 2707 opera
1406 2643 1606 2690 articulo
1622 2643 1993 2708 justificationis
2013 2652 2056 2691 et
2078 2643 2247 2691 salutis

1237 2732 1409 2772 nostroe
1447 2726 1827 2778 immisceamur.
1882 2725 2139 2790 Propterea
2172 2724 2246 2772 hoe

1233 2805 1579 2870 propositiones
1597 2807 1886 2869 rejiciuntur
1913 2823 1927 2854 ε
1958 2805 2080 2852 bona
2105 2821 2245 2870 opera

1228 2886 1424 2951 piorum
1443 2902 1538 2934 esse
1554 2889 1820 2934 necessaria
1836 2886 1900 2933 ad
1918 2885 2132 2945 salutem,
2153 2896 2242 2935 etc.

1240 2969 1342 3015 lmo
1376 2986 1429 3016 eo
1480 2970 1699 3032 progressi
1745 2968 1982 3015 interdum
2016 2974 2123 3015 sunt
2150 2966 2242 3016 No-

1237 3060 1414 3097 vatores
1435 3084 1447 3106 7
1501 3059 1551 3095 ut
1579 3049 1699 3095 bona
1739 3065 1870 3112 opera
1913 3049 2247 3096 declaraverint

1235 3133 1487 3195 perniciosa
1501 3138 1545 3177 et
1563 3129 1698 3176 saluti
1714 3132 1954 3177 contraria.
1972 3129 2089 3177 Nam
2106 3129 2244 3176 Ams-

1236 3212 1346 3259 dorf
1362 3247 1376 3270 7
1403 3211 1590 3258 Lutheri
1612 3213 1784 3258 amicus
1807 3248 1820 3270 7
1852 3227 1963 3273 opus
1980 3211 2141 3270 edidit,
2170 3213 2244 3258 cui

1235 3293 1418 3340 titulum
1435 3293 1654 3356 praefixit:
1674 3290 1845 3340 Niklas
1870 3307 1962 3339 von
1987 3290 2228 3354 Amedorf
2229 3326 2243 3351 7

1245 3373 1384 3437 Quod
1407 3373 1703 3438 propositio:
1734 3373 1878 3421 Bona
1914 3389 2056 3439 opera
2094 3373 2243 3419 noxia

1239 3463 1351 3501 eunt
1365 3453 1531 3513 saluti,
1559 3461 1626 3501 est
1637 3455 1901 3519 propositio
1913 3456 2049 3518 justa
2067 3490 2080 3513 7
2106 3468 2238 3510 vera,

145 3533 549 3599 proficiscuntur,
580 3536 740 3582 tamen
758 3571 773 3598 7
804 3536 1072 3599 quia'fiunt
1090 3537 1144 3583 in
1224 3535 1490 3583 christiana
1511 3571 1525 3595 7
1557 3535 1825 3600 praedicata
1853 3551 1883 3582 a
1919 3533 1976 3583 S.
2008 3530 2168 3581 Paulo
2198 3538 2246 3578 ee

153 3623 308 3663 carne·
337 3614 494 3664 adhue
531 3616 723 3680 impura
755 3653 769 3677 7
817 3624 930 3664 eunt
964 3625 1009 3665 et
1038 3618 1146 3682 ipsa

1226 3613 1282 3664 S.
1321 3616 1525 3665 Latliero
1541 3652 1558 3679 7
1587 3634 1706 3666 anno
1734 3615 1879 3684 1559.
1918 3616 2035 3666 Sane
2071 3614 2243 3663 Luthe-
