2540 4074
496 238 656 278 PART.
703 241 743 277 1.
788 240 910 278 GAP.
958 241 1023 278 11.
1067 241 1135 276 DE
1179 240 1401 277 GRATIAE
1443 237 1830 276 NECESSITATE.
2140 211 2217 272 91

207 381 339 441 177.
382 382 568 447 ,Sensu
606 380 1015 461 propositionis
1042 381 1123 439 ita
1143 380 1470 444 *constituto
1491 425 1506 454 ‚
1534 381 1655 457 ejus
1689 376 1991 445 veritatem
2019 374 2098 434 ita
2133 397 2218 434 os·

123 476 411 537 tendimus
439 487 456 533 :
485 475 664 537 Sacrae
690 474 916 533 Litterae
938 476 1134 549 etiam,
1159 497 1291 540 cum
1317 474 1388 534 de
1404 475 1576 553 justis
1599 473 1918 554 loquuntur
1934 515 1950 544 .,
1970 491 2067 530 eos
2080 490 2219 551 pec—

120 572 260 631 catis
298 568 575 632 obnoxios
610 579 669 627 et
696 569 947 628 irretitos
975 571 1402 651 pronunciant3
1443 591 1583 628 nam
1603 614 1618 643 7
1649 572 1821 628 Prov.
1852 567 2055 640 XXIV,
2095 567 2168 624 16
2198 611 2216 641 ⁷

120 663 330 729 dicitur
349 664 616 746 :Septies
634 668 791 722 enim
815 666 983 723 cadet
988 670 1220 743 justus.
1246 664 1458 724 EccleS.
1478 666 1574 723 Vll
1596 709 1610 739 a
1633 665 1709 722 21
1742 689 1760 722 .·
1778 662 1921 722 Non
1944 672 2030 720 est
2054 666 2219 719 enim

100 759 515 834 shamaju-stus
542 762 610 815 in
643 767 806 816 terra
823 803 838 832 7
881 764 994 838 quel
1014 763 1215 837 faeiat
1235 761 1460 817 bonum
1498 770 1553 816 et
1579 779 1699 816 non
1722 769 1932 836 peccet.
1963 757 2032 815 Et
2056 778 2219 838 aper-

40 922 42 925 *
118 851 230 910 tius
261 851 436 913 etiam
459 852 527 910 in
561 873 709 911 novo
736 854 1005 927 Foedere3
1033 853 1233 916 Jacobi
1258 854 1416 912 enim
1442 854 1519 910 111
1541 898 1556 926 ,
1583 853 1657 927 2,
1679 851 1888 931 legitur
1913 873 1927 909 ι
1957 852 2037 911 In
2058 853 2217 909 mul-

115 950 192 1005 tis
226 947 580 1026 offendimus
615 969 851 1016 omnem
882 960 939 1008 et
978 951 998 1008 1
1031 951 1198 1007 Joan.
1237 951 1293 1022 I7
1321 949 1395 1006 8:
1429 951 1499 1007 Si
1520 950 1857 1006 dixerimus
1881 990 1903 1019 ,
1927 952 2218 1025 quoniam

105 1053 423 1120 peccatum
449 1064 569 1102 non
588 1120 592 1122 μ
614 1046 899 1103 habemus
925 1088 941 1118 ,
987 1049 1112 1122 ipsi
1138 1065 1242 1102 nos
1284 1045 1653 1114 seducimus,
1682 1054 1737 1100 et
1761 1046 1976 1100 veritas
2003 1046 2070 1099 in
2111 1062 2218 1100 no-

115 1137 208 1195 his
234 1158 354 1197 non
376 1149 474 1196 est.
506 1141 635 1197 Non
659 1151 854 1199 autem
877 1150 1018 1197 sunt
1053 1138 1316 1197 mortalia
1346 1151 1575 1220 peccata
1601 1138 1699 1196 illa
1723 1183 1738 1211 .,
1770 1139 1829 1195 in
1858 1157 1983 1218 quae
2004 1137 2220 1218 passim

110 1231 253 1308 justi
278 1230 559 1291 labuntur
584 1278 599 1307 a
632 1256 766 1313 ergo
792 1234 1056 1294 venialia.
1095 1234 1243 1292 Hinc
1267 1245 1354 1293 est
1382 1234 1538 1314 quod
1563 1233 1820 1292 Christus
1841 1278 1856 1306 a
1878 1235 1930 1290 M
1939 1231 2086 1290 atth.
2119 1233 2216 1306 VI,

115 1345 316 1385 omnes
348 1327 768 1388 indiscrinatim
792 1375 807 1401 ,
839 1351 903 1388 ac
927 1340 1232 1410 propterea
1260 1330 1432 1388 etiarn
1470 1334 1652 1407 justos
1677 1328 1846 1406 jussit
1879 1327 1957 1385 sic
1996 1347 2158 1385 orare
2198 1347 2213 1383 ε

114 1420 365 1479 Dimitte
398 1424 570 1482 nohis
591 1426 790 1482 debita
817 1436 1019 1482 nostra
1038 1469 1054 1500 ‚
1075 1429 1234 1482 sicut
1258 1435 1308 1481 et
1330 1445 1433 1481 nos
1458 1426 1824 1481 dimittimus
1851 1423 2220 1480 debitoribus

118 1520 370 1590 nostr-2583
405 1538 538 1598 ergo
565 1530 623 1576 et
641 1519 783 1596 justi
804 1564 818 1593 ,
846 1519 977 1577 licet
1002 1519 1305 1578 ordinariis
1333 1519 1524 1597 gratiae
1553 1517 1775 1576 auxiliis
1807 1516 2029 1575 suffulti
2060 1517 2177 1574 sint
2199 1562 2213 1590 7

122 1614 244 1666 non
270 1612 463 1670 omnia
489 1612 689 1672 valent
724 1625 959 1696 peccata
992 1613 1237 1673 venialia
1265 1614 1465 1674 vitare.

201 1705 272 1763 17
279 1705 333 1764 8.
380 1708 497 1765 Nec
523 1707 690 1767 aliter
725 1729 862 1768 sane
889 1709 1014 1768 haec
1038 1709 1463 1789 Scripturarum
1491 1708 1660 1767 effata
1689 1710 1886 1767 Patres
1909 1706 2219 1766 intellexe-

117 1808 273 1856 runt.
317 1801 399 1859 Ex
438 1802 702 1882 pluribus
743 1815 869 1861 tum
902 1804 1095 1883 graecis
1124 1815 1251 1861 tum
1280 1803 1474 1861 latinis
1495 1846 1516 1874 ,
1557 1804 1656 1884 qui
1692 1802 1898 1860 adduci
1935 1813 2173 1883 possent
2200 1846 2216 1875 ,

113 1987 195 2036 diu
209 1990 260 2036 in
281 1989 369 2038 hac
384 1993 473 2039 vita
489 2001 555 2041 est
570 2029 583 2052 ‚
606 2009 700 2040 non
718 2002 952 2056 reparatur
968 1992 1121 2057 quoad

113 2071 419 2135 integritatem
457 2083 641 2125 naturae.
676 2073 799 2123 Hinc
828 2084 874 2122 et
907 2073 1119 2121 infirmus

98 2146 353 2212 remanet,
385 2158 647 2219 ignorantiae
670 2166 713 2204 et
743 2158 1119 2221 concupiscentiae

114 2234 359 2284 obnoxius.
392 2236 450 2283 Et
475 2237 562 2284 hac
591 2255 723 2302 porro
749 2239 1118 2301 concupiscentia

113 2318 196 2378 fit,
228 2329 279 2366 ut
313 2321 410 2383 ipse
434 2322 591 2384 jugem
635 2319 799 2366 debeat
830 2321 1019 2384 experiri
1045 2318 1118 2366 lu-

113 2411 233 2447 ctam
262 2401 382 2447 inter
409 2417 592 2448 carnem
623 2411 665 2449 et
682 2403 890 2464 spiritum
910 2438 922 2459 ‚
947 2418 1000 2448 ac
1018 2417 1118 2464 per-

113 2493 251 2553 petuo
282 2483 493 2547 vigilare,
516 2502 575 2532 ne
599 2484 680 2531 ulti
701 2486 940 2532 tentationi
961 2484 1113 2543 cedat,

116 2582 260 2625 orere,
290 2577 342 2614 ut
366 2567 568 2615 obtineat
585 2567 753 2614 auxilia
772 2603 783 2626 ‚
802 2566 971 2631 quibus
991 2568 1118 2612 omni

116 2650 387 2711 suggestioni
435 2651 613 2701 resistat
665 2666 858 2713 eamque
902 2658 1114 2712 superet3

115 2745 169 2776 ex
198 2729 334 2784 insita
359 2739 515 2782 autem,
539 2730 627 2778 sibi
655 2730 925 2779 infirmitate
950 2730 1036 2790 fit,
1068 2738 1118 2777 ut

115 2809 255 2857 homo
266 2816 418 2875 justus
434 2829 519 2865 nec
534 2829 715 2876 semper
734 2829 805 2872 ca,
829 2830 917 2877 qua
936 2829 1016 2876 par
1034 2822 1115 2873 est,

116 2891 356 2955 diligentia
376 2893 546 2958 vigilet,
564 2911 649 2942 nec
666 2909 823 2941 omnes
842 2909 944 2959 quae
958 2893 1116 2942 subre-

115 2982 262 3036 punt,
286 2992 445 3022 sensus
461 2974 699 3036 illecebras
717 2977 875 3035 evitet,
892 2992 978 3024 nec
995 2993 1117 3024 sem·

116 3071 197 3118 per
227 3055 428 3105 advertat
456 3061 610 3105 omnia
629 3095 642 3116 ‚
670 3075 771 3122 quae
797 3058 1026 3109 interdum
1048 3058 1116 3113 la·

117 3146 243 3196 tent,
273 3139 488 3200 pericula.
510 3138 629 3188 Inde
651 3142 863 3186 oriuntur
884 3139 973 3188 illae
1000 3157 1116 3204 quo-

117 3219 299 3266 tidianae
326 3236 484 3280 noxae,
503 3202 633 3286 'quas
654 3223 757 3285 ipse
785 3219 996 3286 lacrymis
1025 3223 1121 3273 suis

116 3299 294 3362 abluit,
324 3311 367 3348 et
399 3302 459 3350 ob
492 3320 607 3368 quas
634 3303 785 3351 Deum
814 3314 939 3368 rogat
971 3320 984 3352 :
1016 3303 1117 3352 Di-

112 3385 244 3430 mitte
269 3383 408 3430 nobis
434 3383 592 3435 debita
609 3393 771 3433 nostra
785 3423 797 3447 ‚
817 3387 1118 3435 confirmatur

110 3467 159 3514 in
187 3466 451 3514 humilitate
465 3502 481 3527 ,
513 3477 557 3514 et
588 3478 715 3532 optat
739 3469 927 3516 dissolvi.
943 3486 996 3517 ex
1017 3485 1118 3517 cor-

112 3562 218 3611 pore
246 3550 404 3596 mortis
431 3548 573 3613 hujus
591 3586 605 3609 ‚
636 3558 690 3597 ut
716 3550 993 3615 adipiscatur
1017 3551 1116 3615 ple-

110 3645 219 3676 nam
244 3629 498 3678 libertatem
517 3630 720 3678 filiorum
735 3630 838 3680 Dei.
853 3631 952 3696 Quo
967 3629 1116 3696 major

112 3719 182 3758 est
215 3712 265 3757 in
285 3712 411 3776 justo
437 3713 686 3760 sanctitatis
710 3704 960 3778 progressio
975 3749 992 3776 ‚
1023 3731 1116 3780 quo

1209 1992 1460 2040 ferventius
1504 2002 1569 2040 est
1615 1994 1665 2039 in
1711 1994 1810 2055 ipso
1857 1993 2221 2040 mortificationis

1208 2076 1471 2123 exercitium
1490 2110 1503 2132 ‚
1528 2091 1581 2121 eo
1610 2076 1766 2122 minus
1797 2093 1843 2123 se
1872 2075 2100 2140 ejusmodi
2120 2093 2220 2122 ma·-

1207 2155 1321 2202 culis
1350 2158 1594 2221 inquinat,
1618 2166 1667 2203 ut
1687 2173 1746 2205 ex
1769 2156 2041 2204 Sanctorum
2063 2175 2217 2207 exem-

1208 2238 1294 2301 plis
1322 2249 1606 2301 compertum
1638 2249 1721 2286 est.
1743 2238 1846 2285 Non
1875 2242 2009 2303 pauci
2043 2241 2217 2287 inventi

1207 2329 1312 2366 sunt
1334 2356 1346 2377 ‚
1379 2323 1458 2384 qui
1494 2331 1651 2367 votum
1690 2323 1938 2368 emiserunt
1974 2339 2217 2385 nunquam

1206 2399 1455 2448 deliberate
1491 2401 1712 2464 peccandi
1753 2403 2018 2460 venialiter,
2062 2406 2219 2468 quoti-

1206 2481 1373 2546 dieque
1406 2484 1453 2529 in
1494 2484 1774 2546 perfectione
1815 2484 2089 2542 crescendi,
2138 2501 2218 2531 seu

1205 2564 1427 2619 faciendi,
1448 2561 1573 2630 quod
1601 2566 1766 2613 melius
1785 2583 1880 2613 esse
1898 2568 2215 2630 cognoverint.

1205 2646 1304 2696 Cfr.
1323 2646 1374 2696 S.
1394 2647 1563 2696 Thom.
1603 2658 1664 2704 ιθ,
1695 2647 1770 2706 2³⁵³,
1799 2666 1847 2713 q.
1875 2645 1938 2708 8,
1972 2651 2216 2712 praesertim

1206 2747 1250 2779 a.
1287 2728 1317 2776 3
1335 2767 1348 2788 ,
1375 2729 1456 2777 ubi
1491 2728 1688 2778 ostendit
1710 2766 1724 2792 ,
1744 2731 1982 2778 hominem
2009 2734 2058 2778 in
2093 2740 2213 2778 statu

1204 2814 1481 2859 innocentiae
1508 2849 1521 2872 ‚
1564 2828 1618 2859 ac
1663 2813 1855 2877 proinde
1898 2814 2170 2876 integritatis
2199 2848 2214 2871 ,

1205 2912 1301 2941 non
1330 2897 1532 2959 potuisse
1560 2911 1748 2959 peccare
1778 2894 2032 2942 venialiter.
2055 2893 2122 2940 Ex
2143 2893 2216 2940 his
2241 2881 2244 2883 Δ

1205 2974 1471 3042 intelligitur
1491 3014 1503 3036 ‚
1535 2994 1628 3042 quo
1662 2994 1796 3024 sensu
1836 2974 2030 3039 speciale
2060 2978 2216 3040 requi-

1205 3044 1337 3106 ratur
1377 3059 1665 3123 privilegium
1714 3057 1771 3105 ad
1821 3057 2007 3104 vitanda
2057 3059 2215 3104 omnia

1206 3151 1388 3206 peccata
1420 3141 1612 3189 venialia
1644 3149 1804 3204 praeter
1831 3140 2060 3196 ordinaria
2080 3141 2215 3186 auxi-

1205 3222 1266 3271 lia
1280 3240 1299 3285 3
1326 3238 1492 3286 nempe
1510 3223 1757 3287 requiritur
1784 3221 2069 3286 privilegium
2085 3257 2098 3280 ‚
2121 3238 2216 3286 quo

1204 3305 1447 3352 infirmitas
1496 3314 1683 3352 sanetur
1729 3302 1943 3352 humanae
1993 3313 2169 3349 naturae
2198 3339 2212 3362 ,

1205 3404 1346 3453 quam
1386 3385 1592 3455 profecto
1633 3404 1729 3435 non
1757 3385 1939 3434 'tollunt
1979 3388 2213 3437 ordinaria

1206 3470 1374 3517 auxilia
1399 3506 1412 3530 ,
1447 3471 1525 3519 sed
1564 3480 1743 3518 tantum
1787 3472 1829 3519 ei
1867 3469 2175 3518 auxiliantur
2197 3507 2212 3529 ‚

1205 3561 1257 3598 ut
1278 3569 1453 3601 nomen
1489 3553 1639 3618 ipsum
1679 3551 1866 3602 auxilii
1902 3563 1947 3602 et
1980 3551 2216 3619 affutorii

1204 3632 1398 3682 indicat.
1891 3644 1893 3646 ’
