2430 4056
211 220 330 280 218
604 232 611 237 “
984 236 1179 275 'rucr-
1226 236 1295 273 mi·
1338 235 1568 278 curm.

292 397 429 457 478.
482 399 548 452 In
586 391 876 451 sententia
927 388 1358 451 catholicorum
1387 390 1718 468 justificatio
1764 389 2040 449 definitur
2094 401 2296 451 trans-

205 494 346 551 latio
379 491 456 548 ab
492 508 551 545 eo
587 497 746 544 statu
758 528 782 557 ,
820 490 889 544 in
932 506 1046 564 quo
1087 485 1252 542 homo
1283 490 1561 543 nascitur
1591 487 1757 566 filius
1777 489 1983 564 primi
2015 485 2164 544 Adoe
2179 528 2201 557 ,
2231 490 2297 544 in

205 595 422 644 statum
442 585 659 661 qratiae
694 590 749 637 et
771 580 1106 658 adoptionis
1129 579 1403 655 filiorum
1430 578 1551 636 Dei
1568 601 1687 658 per
1728 580 2060 638 seeundum
2090 574 2299 638 'Adam

203 681 409 739 Jesum
464 676 806 744 Christum,
868 674 1232 731 Salvatorem
1279 681 1571 732 nostrum.
1626 675 1709 732 Ex
1752 695 1866 755 qua
1915 672 2252 733 definitione
2279 718 2296 748 ,

204 791 330 852 quae
377 780 463 828 est
499 768 674 850 ipsius
717 766 953 826 Concilii
994 764 1318 825 Tridentini
1354 763 1483 846 (1),
1528 775 1690 845 patet
1726 767 2201 845 justificationem
2234 769 2299 826 in

201 887 372 924 sensu
405 863 684 925 catholico
714 864 1024 922 consistere
1059 862 1122 920 in
1160 861 1422 920 interiori
1464 857 1674 920 animae
1721 863 2098 923 renovatione
2120 908 2137 938 ,
2195 884 2298 944 per

202 959 584 1019 inhaerentem
630 958 742 1039 ipsi
793 958 1035 1039 gratiam
1057 1003 1073 1032 ,
1108 955 1182 1015 ob
1219 955 1432 1015 Christi
1480 953 1791 1016 Salvatoris
1842 959 2027 1016 nostri
2065 958 2293 1017 merita.

203 1056 508 1135 Exponens
547 1063 851 1135 propterea
891 1051 1211 1112 Concilium
1253 1072 1483 1110 causam
1521 1048 1828 1109 formalem
1869 1062 2084 1112 nostrae
2119 1053 2303 1129 justi-

202 1149 511 1224 ficationiS‚
546 1149 731 1229 pergit
766 1170 779 1205 :
823 1149 1016 1208 Unica
1045 1149 1329 1226 formalis
1370 1168 1556 1205 causa
1590 1156 1672 1204 est
1691 1150 1946 1224 justitia
1989 1148 2114 1206 Dei
2131 1192 2148 1221 .,
2180 1168 2302 1206 non

202 1266 322 1323 qua
357 1248 482 1322 ipse
489 1248 701 1322 justus
745 1254 861 1315 est,
890 1244 993 1301 sed
1027 1265 1148 1322 qua
1183 1264 1288 1302 nos
1298 1247 1496 1321 justos
1519 1245 1715 1320 facit,
1757 1263 1880 1322 qua
1918 1243 2188 1301 videlicet
2222 1243 2301 1301 ah

202 1361 264 1397 eo
303 1341 512 1399 donati
548 1359 907 1397 renovamur
930 1343 1157 1418 spiritu
1201 1344 1414 1397 mentis
1468 1348 1714 1411 noscroe3
1747 1348 1802 1395 et
1837 1358 1960 1397 non
1997 1339 2166 1396 modo
2206 1359 2302 1397 re-

193 1444 535 1514 putamur,
571 1435 679 1491 sed
706 1455 835 1492 vere
847 1439 1015 1512 justi
1054 1438 1454 1493 nominamur
1490 1443 1545 1491 et
1581 1454 1794 1491 sumus
1838 1431 1947 1512 (2).
1988 1434 2060 1492 Et
2093 1433 2308 1495 iterum

205 1528 376 1610 paulo
421 1540 598 1609 post:
649 1529 759 1604 Id,
808 1529 1035 1610 inquit,
1079 1534 1148 1587 in
1182 1530 1292 1587 hac
1343 1532 1528 1607 impii
1546 1530 1980 1607 justificatione
2007 1529 2112 1606 fit,
2158 1529 2310 1587 dum

205 1625 462 1702 ejusdem
503 1623 788 1704 (Christi)
833 1628 1225 1682 sanctissimae
1256 1627 1561 1702 passionis
1595 1629 1806 1681 merito
1851 1645 1967 1702 per
2006 1625 2310 1702 Spiritum

207 1719 495 1775 Sanctum
529 1719 796 1776 ebaritas
829 1720 941 1777 Dei
976 1720 1348 1798 diffunditur
1372 1723 1439 1776 in
1471 1719 1749 1778 cordibus
1787 1739 1993 1776 eorum
2007 1761 2028 1790 ‚
2058 1722 2311 1797 quijus-

208 1814 520 1890 tifi'oantur
545 1858 560 1886 ⁷
600 1824 774 1891 atque
794 1817 944 1891 ipsis
979 1815 1244 1872 inhoeret.
1285 1814 1449 1872 Unde
1477 1818 1547 1871 in
1575 1817 1709 1892 ipsa
1723 1814 2159 1891 justificatione
2177 1835 2311 1873 cum

209 1912 549 1965 remissione
589 1918 973 1986 peccatorum
1037 1909 1158 1966 hoeo
1211 1910 1399 1967 simul
1444 1911 1658 1986 infusa
1705 1913 1930 1986 accipit
1989 1910 2158 1967 homo
2205 1910 2316 1988 per

208 2001 418 2058 Jesum
457 2002 793 2072 Christum,
821 2007 927 2061 cui
948 2007 1281 2075 inseritur,
1305 2004 1485 2079 fidem
1498 2045 1522 2072 ,
1555 2024 1717 2081 spem
1744 2014 1800 2060 et
1821 2004 2176 2063 charitatem
2197 2003 2310 2084 (3).

213 2094 431 2166 Quibus
448 2094 638 2154 verbis
654 2107 781 2154 tum
805 2119 939 2156 vera
963 2097 1226 2156 doctrina
1245 2096 1316 2155 de
1330 2097 1556 2174 justitia
1580 2097 1892 2155 intrinseca
1913 2108 1971 2156 et
1992 2098 2313 2157 inhaerente

212 2188 565 2263 adstruitur7
600 2202 727 2248 tum
767 2192 1021 2269 rejicitur
1057 2213 1218 2250 error
1248 2190 1701 2250 fundamentalis
1738 2191 2204 2251 adversariorum
2240 2191 2314 2251 de

202 2286 427 2361 justitia
458 2287 777 2344 extrinseca
807 2331 822 2360 ,
866 2308 936 2345 ex
972 2309 1085 2368 quo
1123 2289 1297 2346 ceteri
1328 2308 1548 2346 errores
1587 2287 1894 2346 dimanant
1928 2287 2001 2346 de
2031 2289 2155 2368 ipsa
2193 2287 2315 2346 for-

211 2377 350 2436 mali
378 2379 600 2456 justitia
631 2380 735 2438 Dei
769 2381 830 2438 in
868 2380 1034 2439 nobis
1061 2382 1394 2455 habitante,
1427 2392 1528 2440 aut
1553 2380 1627 2441 de
1653 2383 1878 2460 justitia
1906 2382 2120 2441 Christi
2146 2381 2313 2441 nobis

211 2472 495 2554 imputata
511 2518 528 2550 ‚
546 2486 645 2532 aut
666 2474 738 2534 de
763 2474 880 2534 sola
903 2477 1239 2536 remissione
1261 2488 1630 2559 peccatorum
1651 2477 1845 2559 quoad
1864 2498 2105 2559 poenam
2133 2475 2312 2536 modo

212 2567 427 2626 forensi
454 2613 469 2643 .,
490 2569 698 2650 aliique
738 2571 1022 2647 ejusmodi
1058 2571 1167 2654 (4).

300 2662 440 2721 479.
490 2665 634 2725 Cum
657 2666 832 2744 igitur
865 2666 1039 2724 totius
1056 2667 1388 2748 quaestionis
1420 2666 1606 2726 nodus
1636 2667 1701 2725 in
1734 2688 1801 2726 eo
1828 2667 1934 2741 sit7
1966 2666 2125 2748 quod
2148 2671 2317 2745 juxta

215 2758 546 2835 liaereticOS‚
578 2770 812 2819 maneat
839 2760 1006 2842 culpa
1037 2761 1325 2841 originalis
1352 2763 1413 2820 in
1436 2761 1675 2821 homine
1706 2766 1943 2843 ejusque
1972 2763 2313 2844 propagine,

216 2854 491 2915 colluvies
520 2854 734 2914 scilicet
758 2867 1126 2936 peccatorum
1167 2856 1477 2916 actualium
1498 2902 1513 2931 7
1551 2878 1682 2938 quae
1710 2867 1847 2915 sunt
1889 2861 2008 2934 ejus
2036 2857 2318 2916 manifcs-
2390 2937 2395 2940 ἱ

224 2950 403 3025 tatio,
435 2961 494 3009 et
522 2971 772 3031 quorum
811 2972 986 3032 poena
1023 2962 1258 3010 tantum
1296 2951 1616 3011 remittitur
1654 2973 1718 3011 ac
1757 2951 1925 3033 culpa
1954 2954 2202 3031 tegitur,
2248 2972 2319 3010 ex

218 3065 332 3124 quo
371 3046 629 3125 sequitur
653 3047 941 3124 justitiam
985 3068 1084 3105 seu
1127 3068 1356 3105 causam
1388 3046 1697 3106 formalem
1729 3046 2157 3124 justificationis
2196 3067 2318 3106 esse

219 3139 598 3198 extrinsecam
615 3166 631 3214 ς
649 3145 814 3219 juxta
844 3141 1148 3201 catholicos
1172 3163 1308 3203 vero
1336 3188 1352 3216 a
1384 3141 1541 3224 quod
1568 3153 1696 3200 tum
1713 3152 2017 3222 peccatum
2045 3139 2320 3220 originale

219 3242 348 3289 tum
397 3245 627 3314 peccata
666 3237 907 3295 actualia
933 3282 948 3311 ,
992 3258 1121 3322 quae
1166 3258 1247 3296 >ex
1281 3236 1465 3296 libera
1503 3236 1756 3295 hominis
1797 3235 2100 3296 voluntate
2150 3235 2321 3293 unice

221 3325 541 3406 prodeunt,
579 3350 715 3390 vere
747 3331 1118 3392 dimittantur
1139 3378 1155 3408 ,
1193 3354 1314 3392 non
1356 3331 1546 3396 solum
1593 3330 1785 3412 quoad
1810 3351 2081 3414 poenam,
2114 3350 2320 3391 verum

288 3505 350 3569 (Ῑ)
386 3505 508 3575 5888·
542 3523 739 3574 v1,eap,
765 3509 816 3574 4.
1376 3510 1442 3574 (4)
1479 3510 1820 3560 Cfr.Bella1-m.
1841 3510 1922 3559 De
1932 3510 2104 3578 justis.
2141 3508 2228 3558 lib.
2262 3521 2317 3568 11,

291 3586 355 3650 (2)
397 3587 519 3638 lbid.
544 3606 644 3655 cap·
675 3608 720 3655 7.
1312 3611 1422 3658 cap,
1459 3608 1505 3640 2,
1571 3578 1574 3581 >

287 3667 358 3734 (8)
394 3669 516 3721 lbid.
