2430 4056
553 180 683 222 raas
724 181 811 218 111.
855 178 972 219 car.
1013 179 1079 218 11.
1128 181 1196 218 nn
1238 158 1559 220 amsi-nuru
1602 179 1811 219 unam.
2098 159 2214 219 287

138 321 359 379 bonum
390 331 444 379 et
480 322 807 383 seeundum
850 323 1128 378 virtutem
1168 322 1455 380 moralem
1503 323 1878 379 meritorium
1909 339 2039 384 :esse
2083 326 2219 380 vitoe

137 424 368 478 oeternoe
412 414 535 494 (1);
592 425 652 474 et
684 413 851 472 hanc
899 415 1250 474 sententiam
1306 412 1578 473 adscribit
1640 414 1698 472 S.
1747 413 2166 477 Bonavcnturae
2198 459 2218 489 ‚

139 507 416 588 Capreolo
456 519 516 570 et
540 509 698 570 Soto.
741 572 743 575 v
1787 534 1789 536 v

170 649 172 651 .
217 601 354 663 634.
401 602 639 666 Constat
671 599 920 697 denique
948 601 1020 662 de
1051 601 1164 661 fide
1193 624 1314 661 non
1346 623 1503 677 esse,
1539 606 1762 679 justum
1804 622 1968 682 posse
2006 605 2219 665 mereri

134 716 240 775 pro
283 694 407 757 aliis
441 715 803 775 quocumque
840 697 1078 768 merito,
1125 717 1201 755 ne
1233 695 1469 776 quidem.
1504 695 1575 754 de
1613 716 1915 773 congrue,
1942 697 2035 758 vel
2078 719 2220 759 eon-

134 789 457 856 versionem
490 791 842 870 peccatoris
879 790 974 851 vel
1014 789 1186 852 aliam
1229 792 1503 868 gratiamt,
1548 788 1657 847 sibi
1701 801 1897 849 autem
1935 792 2056 852 sive
2091 814 2220 873 per·
2270 832 2273 838 -

32 931 34 934 .
133 883 515 948 severantiam
557 884 676 944 sive
704 884 1156 966 resipiscentiam
1200 895 1331 963 post
1370 883 1642 964 lapsum3
1692 883 1822 962 quia
1862 884 2023 943 nulla
2062 897 2220 945 extat

133 975 311 1039 dehis
349 975 647 1051 definiti0‚
687 989 745 1042 et
781 979 843 1036 in
871 978 1055 1038 varias
1083 978 1400 1036 sententias
1430 976 1649 1036 abeunt
1685 975 1973 1056 Theologi.
2010 980 2096 1038 De
2130 978 2219 1037 his

130 1092 304 1152 porro
326 1073 731 1133 controversiis
750 1071 969 1131 consuli
987 1082 1230 1152 possunt
1251 1083 1511 1130 auctores
1539 1070 1696 1129 citati
1720 1070 1828 1151 (2).
1858 1073 1971 1130 Nos
1999 1072 2219 1131 interea

131 1165 205 1222 ad
231 1164 435 1243 dogma
475 1166 818 1225 catholicum
845 1166 917 1229 de
952 1166 1144 1226 meriti
1171 1166 1472 1224 existentia
1501 1165 1919 1224 adstruendum
1947 1166 2218 1229 adversus

131 1260 444 1320 Novatores
469 1260 811 1320 accedimus,

1000 1426 1236 1494 CAPUT
1283 1437 1351 1492 II.

823 1609 889 1643 DE
933 1607 1257 1644 EXISTENTIA
1300 1607 1515 1644 MERITI.

211 1747 346 1806 635.
391 1750 474 1806 De
507 1747 614 1806 hac
658 1747 852 1806 meriti
883 1747 1186 1806 existentia
1219 1748 1506 1828 praecipua
1533 1790 1555 1817 ,
1596 1734 1712 1804 imo
1751 1748 1918 1806 unica
1954 1759 2040 1807 est
2077 1769 2216 1807 con-

130 1841 403 1903 troversia
425 1886 441 1915 ,
478 1863 605 1921 quae
640 1842 793 1900 inter
831 1840 1151 1899 Catholicos
1183 1852 1239 1899 et
1268 1843 1657 1904 protestantes
1687 1842 1954 1920 agitatur.
1986 1843 2042 1900 Si
2075 1863 2216 1902 oon-

126 1934 322 1992 cordes
348 1935 492 1992 circa
514 1956 641 1993 eam
658 1945 851 1994 essent
868 1979 884 2008 ,
915 1934 1078 1993 facile
1094 1936 1156 1992 in
1173 1935 1373 1994 ceteris
1394 1938 1782 1994 protestantes
1808 1938 2210 1995 convenirent.

127 2030 207 2086 Ex
235 2028 399 2086 dictis
439 2050 613 2109 porro
654 2029 914 2109 superius
966 2039 1224 2101 constat,
1281 2028 1431 2088 hanc
1476 2029 1668 2088 meriti
1716 2031 2080 2088 existentiam
2117 2041 2217 2088 aut

99 2154 104 2158 s
134 2123 499 2200 negationem
536 2145 656 2181 non
687 2144 807 2181 esse
853 2123 964 2180 nisi
1006 2122 1300 2181 corollaria
1336 2124 1611 2204 utrinque
1639 2125 1913 2205 oppositae
1946 2124 2217 2183 doctrinae

129 2215 554 2274 Catholicorum
598 2227 656 2274 et
696 2217 1144 2275 protestantium
1182 2218 1327 2275 circa
1356 2218 1848 2295 justificationem.
1882 2220 1994 2276 Nos
2042 2219 2215 2297 igitur

114 2302 196 2368 'ex
238 2309 534 2370 vindicatis
566 2310 859 2391 principiis
893 2310 966 2369 de
995 2311 1401 2388 justificatione
1424 2311 1502 2369 sic
1531 2311 1967 2391 progredimur:

924 2514 1325 2567 PROPOSITIO
1365 2514 1407 2565 Ι.

126 2681 296 2740 Jusei
327 2703 438 2760 per
477 2684 632 2742 hona
673 2703 850 2762 opera
890 2704 960 2740 eoe
994 2687 1201 2763 yratza
1237 2687 1405 2761 faeta
1446 2705 1575 2741 vere
1616 2694 1926 2741 merentur
1959 2686 2216 2763 ylorzam

671 2787 952 2836 aeternam
994 2783 1232 2856 eaey'zcsque
1274 2788 1685 2857 augmentum.

146 2961 152 2968 ’
213 2963 348 3023 636.
394 2966 711 3045 Propositio
729 2965 848 3025 haeo
869 2978 956 3025 est
978 2966 1052 3033 de
1076 2966 1224 3043 fide3
1254 2968 1572 3027 Concilium
1601 2969 1756 3027 enim
1773 2967 1928 3027 Trid.
1961 2966 2096 3028 sess,
2120 2971 2214 3044 Vl,

130 3079 260 3116 eam
288 3058 597 3134 definivit,
637 3071 764 3118 tum
802 3081 928 3120 can.
973 3063 1153 3126 XXVI
1192 3085 1205 3120 ε
1257 3064 1330 3122 Sa·
1362 3068 1498 3141 quis
1540 3064 1764 3141 dio-erit
1777 3106 1799 3134 ,
1842 3068 2042 3141 justos
2094 3085 2217 3123 own

131 3154 332 3211 debere
355 3175 472 3232 pro
498 3156 666 3213 honis
689 3157 967 3234 operibus
979 3199 1001 3228 ‚
1029 3179 1159 3235 quw
1188 3180 1255 3221 m
1284 3160 1403 3216 Deo
1424 3161 1662 3236 fuerint
1684 3163 1846 3233 facta
1858 3202 1882 3230 ,
1910 3170 2216 3239 empectare

56 3411 60 3415 .
202 3343 261 3404 (Ι)
298 3341 396 3391 cfr.
414 3342 469 3389 In
503 3359 520 3390 1
546 3380 560 3403 ‚
579 3359 631 3407 25
654 3343 704 3393 S.
724 3344 891 3397 Thom.
912 3355 1026 3399 tom.
1054 3362 1091 3397 11
1108 3380 1125 3405 ‚
1207 3347 1300 3399 vol.
1332 3362 1363 3393 u
1391 3345 1686 3398 Controvers.
1711 3346 1946 3400 Fratrum
1969 3347 2052 3402 De
2082 3346 2168 3397 W
2161 3364 2216 3395 a-

134 3423 247 3488 disp.
273 3439 366 3490 217
395 3460 408 3483 ‚
436 3441 536 3489 esp.
570 3440 600 3476 2
630 3436 822 3494 etseqq.
1081 3477 1107 3488 N
1209 3425 1481 3488 lemburch,
1517 3445 1618 3496 cap,
1642 3414 1706 3477 a.
1753 3428 1779 3495 §
1825 3445 1868 3491 1,
1907 3428 1988 3479 De
2034 3428 2216 3482 meritis

199 3504 262 3568 (2)
310 3504 409 3561 Cfr,
456 3507 590 3561 etiam
639 3506 862 3563 Veranius
885 3545 899 3568 ,
950 3507 1133 3573 Requla
1211 3510 1380 3573 qratioe
1404 3517 1449 3557 et
1475 3508 1655 3573 qlorioe.

128 3585 246 3648 fidoi
270 3585 513 3642 catholiam
529 3624 544 3649 ‚
587 3605 687 3654 quae
721 3598 842 3644 extat
867 3589 928 3643 ad
960 3590 1132 3646 calcem
