2430 4056
457 221 579 261 cn.
626 221 688 260 ιι.
735 221 804 259 mz
845 217 1334 262 sAcnnmnroimu
1374 223 1429 261 n.
1476 223 1524 260 z.
1568 221 1916 262 strennuus,
2137 199 2250 261 341

136 366 283 426 catio
325 363 484 425 enim
515 363 613 423 illa
655 359 866 423 transit
887 408 902 437 ‚
943 373 1002 422 et
1037 362 1179 423 fides
1214 364 1390 424 etiam
1428 363 1730 423 interdum
1764 361 2084 436 amittitur3
2107 360 2259 422 ‹cha-

135 471 323 519 racter
344 470 539 518 autem
566 448 891 516 indelebilis
916 461 1083 535 juxta
1108 459 1164 516 S.
1201 457 1585 536 Augustinum
1616 467 1953 539 perseverat
1987 456 2166 516 etiam
2190 456 2254 515 in

134 553 203 612 iis
226 599 241 628 ,
274 554 375 635 qui
401 553 549 612 foras
586 562 800 610 exeunt
819 596 834 625 ,
879 572 1196 632 veramque
1221 551 1399 611 fidem
1429 552 1727 610 amittunt.
1755 551 1905 610 Hinc
1928 550 2070 609 ibid.
2099 573 2255 633 prae-

135 648 372 707 miserat
402 669 416 704 :
458 645 540 706 In
571 655 810 703 errante
851 655 908 703 et
945 646 1235 705 deserente
1270 647 1462 704 milite
1503 650 1735 704 crimen
1764 639 1849 704 est
1884 646 2200 705 desertoris
2230 687 2254 717 ,

136 743 449 801 character
467 740 667 799 autem
698 760 818 798 non
844 750 928 798 est
939 741 1250 798 desertoris
1267 784 1282 807 ,
1316 741 1420 799 sed
1442 745 1846 820 imperatoris·
1884 769 1887 774 ⁴

219 835 316 899 87..
362 833 451 894 Ad
489 833 738 893 alterum
772 855 911 894 vero
936 879 952 908 .,
997 833 1153 914 quod
1180 854 1251 892 ex
1281 835 1599 914 Augustino
1638 834 1929 912 objicitur,
1979 837 2137 895 Dist.
2187 835 2256 895 ld

139 941 228 989 est
249 974 265 1002 a
301 949 408 1011 pro
437 927 599 986 nullo
629 926 873 987 haberet
904 928 957 986 S.
988 925 1584 1009 Doctorbaptismum
1608 930 1668 987 in
1695 929 2005 1010 hypothesi
2031 929 2257 1010 impos-

140 1023 328 1099 sibili,
357 1023 515 1106 quod
544 1022 784 1083 collatus
807 1032 956 1082 esset
976 1022 1037 1080 in
1059 1023 1298 1081 nomine
1326 1033 1386 1081 et
1414 1024 1753 1083 auctoritate
1787 1025 2032 1097 Donati,
2062 1045 2255 1098 eonc.;

140 1140 336 1194 seem,
388 1140 514 1198 neq.
568 1119 787 1177 Omnes
849 1117 1007 1176 enim
1047 1115 1366 1175 locutiones
1395 1163 1412 1194 ,
1462 1140 1605 1200 quas
1648 1118 1743 1177 hic
1803 1138 1975 1177 sensu
2012 1119 2259 1197 figurato

140 1214 423 1294 congessit
460 1214 519 1272 S.
561 1212 947 1292 Augustinus,
1004 1232 1071 1271 eo
1115 1211 1400 1289 tendunt,
1450 1225 1517 1272 ut
1549 1214 1829 1293 significet
1861 1212 2094 1271 nullum
2136 1214 2259 1273 fore

139 1308 430 1389 baptisma
458 1352 474 1381 ‚
529 1306 688 1388 quod
729 1307 1088 1366 conferretur
1132 1306 1194 1363 in
1237 1308 1476 1367 nomine
1520 1319 1580 1367 et
1620 1302 1963 1367 auctoritate
2010 1308 2256 1382 Donati3

141 1422 276 1461 cum
305 1402 476 1460 unius
512 1401 617 1460 Dei
646 1401 721 1460 sit
746 1446 762 1476 ,
795 1412 921 1459 tum
952 1401 1197 1482 gratiam
1217 1401 1529 1462 infundere
1549 1447 1565 1478 ‚
1591 1414 1721 1461 tum
1744 1402 2138 1462 characterem
2153 1403 2260 1463 im·

142 1497 416 1579 primere.

229 1591 328 1650 88.
376 1589 463 1650 Ad
489 1590 571 1649 3¹¹²
590 1635 607 1665 7
637 1591 786 1672 Ney.
819 1593 1048 1651 Etenim
1080 1595 1284 1651 Petrus
1320 1591 1679 1652 Lombardus
1701 1614 1799 1653 seu
1827 1594 2100 1675 Magister
2126 1594 2262 1653 Sen-

150 1686 464 1746 tentiarum
500 1686 659 1767 prius
691 1686 970 1768 implicite
1001 1688 1275 1746 meminit
1307 1686 1652 1747 characteris
1680 1733 1695 1762 ,
1727 1689 1869 1745 dum
1894 1689 2127 1768 negavit
2152 1687 2265 1746 tria

146 1780 242 1839 illa
276 1782 647 1839 Sacramenta
683 1781 878 1840 iterari
936 1802 1134 1863 posse,
1182 1782 1314 1862 quia
1355 1785 1521 1860 juxta
1561 1782 1950 1860 Augustinum
1994 1783 2266 1860 quadam

146 1880 578 1933 consecratione
616 1877 850 1933 dantur
883 1875 991 1954 (l).
1016 1874 1239 1935 Deinde
1273 1879 1450 1935 etiam
1486 1876 1756 1957 explicite
1778 1921 1793 1950 ,
1831 1875 1972 1933 dum
1998 1876 2267 1934 nominat

150 1969 568 2029 Characterem
601 1971 980 2047 spiritualem
1031 1971 1285 2029 Ordinis
1327 1971 1434 2049 (2).
1477 1972 1665 2029 Ceteri
1704 1982 1902 2029 autem
1936 1970 2267 2029 Scholastici
2305 1967 2307 1969 ’

20 2143 23 2145 ‚
146 2061 400 2145 prolixas
432 2061 852 2143 disputationes
888 2062 960 2121 de
994 2063 1255 2140 ejusdem
1281 2064 1624 2123 characteris
1649 2075 1857 2122 natura
1882 2064 2218 2121 instituunt.

229 2157 331 2215 89.
365 2156 675 2216 Durandus
696 2157 885 2214 solum
910 2158 1234 2230 contendit5
1267 2158 1659 2217 characterem
1689 2158 1839 2216 nihil
1863 2158 2017 2216 reale
2041 2179 2163 2238 prae
2181 2177 2267 2216 se—

149 2251 298 2310 ferre
319 2295 334 2325 .,
362 2250 467 2310 sed
490 2261 722 2308 tantum
743 2250 1086 2310 relationem
1104 2252 1342 2309 rationis
1360 2296 1376 2326 ,
1401 2273 1503 2310 seu
1522 2252 2060 2310 denominationem
2081 2263 2266 2311 exter-

149 2366 311 2419 nam,
331 2366 445 2426 qua
460 2343 636 2403 homo
648 2343 964 2425 deputatur
988 2344 1062 2403 ad
1079 2344 1298 2425 aliquid
1312 2345 1601 2424 agendum
1626 2345 1720 2406 vel
1734 2345 2132 2427 recipiendum
2150 2345 2259 2424 (3).

151 2442 262 2519 Pro
288 2450 444 2498 certo
478 2439 653 2516 igitur
683 2437 936 2497 habebat
961 2440 1329 2498 existentiam
1357 2439 1736 2514 characteris3
1764 2439 2022 2521 alioquin
2043 2441 2103 2498 in
2137 2442 2262 2518 ejus

154 2536 466 2595 essentiam
502 2535 744 2594 minime
772 2535 1186 2615 inquisivisset.

240 2628 336 2687 90.
384 2631 584 2688 Scotus
606 2629 825 2710 pariter
845 2674 861 2705 ‚
884 2629 1133 2688 admissa
1161 2630 1503 2690 characteris
1530 2630 1833 2690 existentia
1854 2675 1870 2705 7
1899 2629 2049 2706 vult„
2068 2631 2262 2712 ipsum

158 2723 469 2783 consistere
503 2724 566 2783 in
593 2722 845 2805 quadam
889 2724 1169 2785 relatione
1211 2724 1353 2785 reali
1387 2725 1742 2785 extrinsecus
1778 2725 1842 2783 in
1877 2726 2134 2784 animam
2160 2724 2268 2785 ad-

228 3014 291 3079 (l)
318 3014 445 3063 Part.
475 3029 542 3075 lv,
558 3015 667 3065 dist.
689 3033 774 3065 vm
791 3053 805 3077 ‚
825 3016 919 3079 *uhi
947 3033 1084 3080 agens
1110 3015 1168 3064 de
1251 3023 1360 3076 tur,
1408 3013 1531 3062 illud
1563 3013 1755 3078 quidem
1792 3029 1906 3061 cum
1943 3011 2256 3078 baptizatur,

161 3097 508 3146 confirmatione
529 3133 543 3156 ‚
579 3097 738 3146 scribit
771 3096 922 3146 {Nec
935 3096 1065 3145 debet
1081 3098 1167 3144 ite·
1250 3095 1371 3144 illud
1392 3111 1499 3144 vero
1528 3111 1640 3142 cum
1664 3094 1970 3142 ordinatur...
2008 3093 2154 3160 Quod
2184 3095 2266 3141 in*

160 3179 264 3227 rari
278 3213 296 3240 ‚
318 3179 445 3242 ετξραι
471 3194 558 3226 nec
584 3178 889 3245 Baptismus,
905 3177 980 3226 vel
1002 3177 1135 3226 Ordo
1149 3199 1170 3236 ;
1250 3178 1527 3226 dubitanter
1548 3178 1693 3224 etiam
1723 3176 1781 3223 de
1797 3174 2172 3239 Confirmatione
2197 3182 2265 3223 te·

162 3258 292 3308 nulli
330 3259 462 3307 enim
500 3260 810 3308 Sacramenta
846 3258 1076 3325 facienda
1102 3267 1171 3307 eet
1248 3259 1461 3308 nendum
1474 3256 1972 3318 est.Cfr.Estius‚Imv
1985 3257 2267 3319 senhdista,

162 3341 355 3408 injuria
369 3377 384 3397 ‚
413 3340 607 3413 quando
642 3357 742 3390 non
766 3341 1042 3390 iterandum
1085 3342 1175 3389 ite·
1236 3339 1288 3407 ἓ
1311 3356 1373 3388 20
1390 3350 1434 3389 et
1449 3355 1506 3388 21
1520 3374 1533 3388 .
1840 3388 1845 3393 ,

161 3432 342 3471 retur...
373 3421 504 3470 Nam
522 3421 578 3470 de
595 3422 848 3489 Baptismo
870 3432 914 3471 et
947 3422 1170 3484 Ordine,
1325 3420 1390 3486 (2)
1427 3419 1554 3479 naid,
1584 3419 1691 3468 dist.
1717 3435 1851 3468 xxm.

164 3504 288 3571 quod
314 3519 413 3552 non
440 3502 640 3552 debeant
660 3505 831 3553 iterari
845 3538 864 3566 ,
895 3513 1053 3571 aperte
1069 3503 1174 3553 Au·
1324 3502 1387 3566 (3)
1425 3502 1538 3569 Ejus
1580 3503 1806 3551 sententia
1844 3501 1933 3550 cfr.
1983 3500 2111 3566 apud
2147 3496 2265 3547 Vas·

164 3588 392 3651 quatinus
414 3585 553 3635 dicit.
589 3585 858 3651 Utrumque
883 3582 1172 3636 Sacramen-
1257 3601 1372 3651 quez
1387 3619 1403 3648 ‚
1428 3586 1479 3632 in
1505 3584 1535 3632 3
1556 3593 1678 3649 part.
1700 3581 1752 3632 S.
1786 3582 1957 3632 Thom.
1982 3583 2105 3647 disp.
2133 3575 2228 3642 134
2253 3616 2274 3641 ,

168 3676 277 3718 tum
299 3677 367 3719 est
384 3706 397 3730 ‚
428 3677 471 3717 et
486 3667 695 3735 quadam
725 3669 1073 3719 consecratione
1085 3667 1175 3717 da·
1263 3684 1371 3734 cap.
1404 3683 1456 3730 2,
1488 3667 1571 3716 ubi
1596 3683 1697 3716 eam
1724 3664 1909 3716 refellit.
