<?xml version="1.0" encoding="UTF-8"?>
<!DOCTYPE html PUBLIC "-//W3C//DTD XHTML 1.0 Transitional//EN"
    "http://www.w3.org/TR/xhtml1/DTD/xhtml1-transitional.dtd">
<html xmlns="http://www.w3.org/1999/xhtml" xml:lang="en" lang="en">
 <head>
  <title>
</title>
<meta http-equiv="Content-Type" content="text/html;charset=utf-8" />
  <meta name='ocr-system' content='tesseract 3.04.00' />
  <meta name='ocr-capabilities' content='ocr_page ocr_carea ocr_par ocr_line ocrx_word'/>
</head>
<body>
  <div class='ocr_page' id='page_1' title='image "a603693805perruoft_0247.png"; bbox 0 0 2430 4056; ppageno 0'>
   <div class='ocr_carea' id='block_1_1' title="bbox 484 111 2196 187">
    <p class='ocr_par' dir='ltr' id='par_1_1' title="bbox 484 111 2196 187">
     <span class='ocr_line' id='line_1_1' title="bbox 484 111 2196 187; baseline 0.002 -21"><span class='ocrx_word' id='word_1_1' title='bbox 484 129 643 166; x_wconf 68' lang='lat' dir='ltr'><strong>rAn&#39;r.</strong></span> <span class='ocrx_word' id='word_1_2' title='bbox 691 130 757 165; x_wconf 91' lang='lat'><strong>11.</strong></span> <span class='ocrx_word' id='word_1_3' title='bbox 806 127 928 167; x_wconf 69' lang='lat' dir='ltr'><strong>cn.</strong></span> <span class='ocrx_word' id='word_1_4' title='bbox 976 129 1040 164; x_wconf 91' lang='lat'><strong>11.</strong></span> <span class='ocrx_word' id='word_1_5' title='bbox 1084 127 1152 165; x_wconf 68' lang='grc' dir='ltr'><strong>ΒΕ</strong></span> <span class='ocrx_word' id='word_1_6' title='bbox 1194 128 1634 167; x_wconf 64' lang='grc' dir='ltr'><strong>ισετηιοΑτιοΝΕ</strong></span> <span class='ocrx_word' id='word_1_7' title='bbox 1676 130 1835 187; x_wconf 71' lang='lat' dir='ltr'><strong>nuru.</strong></span> <span class='ocrx_word' id='word_1_8' title='bbox 2081 111 2196 171; x_wconf 77' lang='lat'><strong>241</strong></span> 
     </span>
    </p>
   </div>
   <div class='ocr_carea' id='block_1_2' title="bbox 35 266 2229 3448">
    <p class='ocr_par' dir='ltr' id='par_1_2' title="bbox 125 266 2202 536">
     <span class='ocr_line' id='line_1_2' title="bbox 125 266 2200 351; baseline 0.002 -23"><span class='ocrx_word' id='word_1_9' title='bbox 125 269 198 329; x_wconf 89' lang='lat' dir='ltr'><strong>ad</strong></span> <span class='ocrx_word' id='word_1_10' title='bbox 225 268 692 348; x_wconf 89' lang='lat' dir='ltr'><strong>justificationem</strong></span> <span class='ocrx_word' id='word_1_11' title='bbox 740 266 1084 347; x_wconf 70' lang='lat' dir='ltr'><strong>requiritur,</strong></span> <span class='ocrx_word' id='word_1_12' title='bbox 1126 289 1247 327; x_wconf 91' lang='lat' dir='ltr'><strong>esse</strong></span> <span class='ocrx_word' id='word_1_13' title='bbox 1285 269 1589 343; x_wconf 72' lang='lat' dir='ltr'><strong>timorem,</strong></span> <span class='ocrx_word' id='word_1_14' title='bbox 1627 291 1826 351; x_wconf 76' lang='lat' dir='ltr'><strong>spem,</strong></span> <span class='ocrx_word' id='word_1_15' title='bbox 1861 268 2200 333; x_wconf 89' lang='lat' dir='ltr'><strong>charitatem</strong></span> 
     </span>
     <span class='ocr_line' id='line_1_3' title="bbox 127 355 2202 447; baseline 0 -24"><span class='ocrx_word' id='word_1_16' title='bbox 127 355 331 423; x_wconf 90' lang='lat' dir='ltr'><strong>saltem</strong></span> <span class='ocrx_word' id='word_1_17' title='bbox 365 363 692 422; x_wconf 82' lang='lat' dir='ltr'>inchoatam</span> <span class='ocrx_word' id='word_1_18' title='bbox 713 403 729 432; x_wconf 90' lang='lat'>,</span> <span class='ocrx_word' id='word_1_19' title='bbox 759 361 1165 441; x_wconf 84' lang='lat' dir='ltr'><strong>poenitentiam</strong></span> <span class='ocrx_word' id='word_1_20' title='bbox 1209 372 1266 420; x_wconf 93' lang='lat' dir='ltr'><strong>et</strong></span> <span class='ocrx_word' id='word_1_21' title='bbox 1290 363 1652 442; x_wconf 86' lang='lat' dir='ltr'><strong>propositum</strong></span> <span class='ocrx_word' id='word_1_22' title='bbox 1684 363 1950 423; x_wconf 88' lang='lat' dir='ltr'><strong>servandi</strong></span> <span class='ocrx_word' id='word_1_23' title='bbox 1978 364 2039 423; x_wconf 91' lang='lat' dir='ltr'><strong>in</strong></span> <span class='ocrx_word' id='word_1_24' title='bbox 2067 388 2202 447; x_wconf 87' lang='lat' dir='ltr'><strong>pos-</strong></span> 
     </span>
     <span class='ocr_line' id='line_1_4' title="bbox 126 453 2198 536; baseline 0.002 -20"><span class='ocrx_word' id='word_1_25' title='bbox 126 468 314 518; x_wconf 89' lang='lat' dir='ltr'><strong>terum</strong></span> <span class='ocrx_word' id='word_1_26' title='bbox 353 458 551 522; x_wconf 86' lang='lat' dir='ltr'><strong>divina</strong></span> <span class='ocrx_word' id='word_1_27' title='bbox 587 453 858 513; x_wconf 89' lang='lat' dir='ltr'><strong>mandata</strong></span> <span class='ocrx_word' id='word_1_28' title='bbox 880 498 894 527; x_wconf 77' lang='lat'><strong>.,</strong></span> <span class='ocrx_word' id='word_1_29' title='bbox 939 466 1004 512; x_wconf 90' lang='lat' dir='ltr'><strong>ut</strong></span> <span class='ocrx_word' id='word_1_30' title='bbox 1023 456 1261 536; x_wconf 84' lang='lat' dir='ltr'>exponit</span> <span class='ocrx_word' id='word_1_31' title='bbox 1289 455 1623 514; x_wconf 90' lang='lat' dir='ltr'><strong>Tridentina</strong></span> <span class='ocrx_word' id='word_1_32' title='bbox 1661 457 1920 535; x_wconf 79' lang='lat' dir='ltr'><strong>Synodus</strong></span> <span class='ocrx_word' id='word_1_33' title='bbox 1956 459 2067 518; x_wconf 91' lang='lat' dir='ltr'><strong>loc.</strong></span> <span class='ocrx_word' id='word_1_34' title='bbox 2102 461 2198 520; x_wconf 88' lang='lat' dir='ltr'><strong>cit.</strong></span> 
     </span>
    </p>

    <p class='ocr_par' dir='ltr' id='par_1_3' title="bbox 35 548 2219 2133">
     <span class='ocr_line' id='line_1_5' title="bbox 209 548 2208 634; baseline 0.003 -26"><span class='ocrx_word' id='word_1_35' title='bbox 209 551 348 609; x_wconf 77' lang='lat'><strong>526.</strong></span> <span class='ocrx_word' id='word_1_36' title='bbox 379 551 480 608; x_wconf 89' lang='lat' dir='ltr'><strong>His</strong></span> <span class='ocrx_word' id='word_1_37' title='bbox 497 548 718 630; x_wconf 75' lang='lat' dir='ltr'><strong>positiS‚</strong></span> <span class='ocrx_word' id='word_1_38' title='bbox 746 548 823 605; x_wconf 92' lang='lat' dir='ltr'><strong>sic</strong></span> <span class='ocrx_word' id='word_1_39' title='bbox 845 548 1161 607; x_wconf 82' lang='lat' dir='ltr'>accedimus</span> <span class='ocrx_word' id='word_1_40' title='bbox 1180 549 1252 607; x_wconf 92' lang='lat' dir='ltr'><strong>ad</strong></span> <span class='ocrx_word' id='word_1_41' title='bbox 1278 549 1528 629; x_wconf 85' lang='lat' dir='ltr'><strong>priorem</strong></span> <span class='ocrx_word' id='word_1_42' title='bbox 1555 551 1958 631; x_wconf 83' lang='lat' dir='ltr'><strong>propositionis</strong></span> <span class='ocrx_word' id='word_1_43' title='bbox 1980 564 2208 634; x_wconf 85' lang='lat' dir='ltr'><strong>partem</strong></span> 
     </span>
     <span class='ocr_line' id='line_1_6' title="bbox 124 641 2202 727; baseline 0.001 -23"><span class='ocrx_word' id='word_1_44' title='bbox 124 642 540 704; x_wconf 82' lang='lat' dir='ltr'><strong>ostendendam</strong></span> <span class='ocrx_word' id='word_1_45' title='bbox 569 663 582 698; x_wconf 90' lang='lat'>:</span> <span class='ocrx_word' id='word_1_46' title='bbox 609 641 909 722; x_wconf 87' lang='lat' dir='ltr'><strong>Scripturae</strong></span> <span class='ocrx_word' id='word_1_47' title='bbox 933 643 1169 720; x_wconf 80' lang='lat' dir='ltr'><strong>exigunt</strong></span> <span class='ocrx_word' id='word_1_48' title='bbox 1195 641 1267 700; x_wconf 91' lang='lat' dir='ltr'><strong>ad</strong></span> <span class='ocrx_word' id='word_1_49' title='bbox 1283 643 1752 719; x_wconf 87' lang='lat' dir='ltr'><strong>justificationem</strong></span> <span class='ocrx_word' id='word_1_50' title='bbox 1779 647 2202 727; x_wconf 83' lang='lat' dir='ltr'><strong>assequendam</strong></span> 
     </span>
     <span class='ocr_line' id='line_1_7' title="bbox 123 731 2201 822; baseline 0.001 -23"><span class='ocrx_word' id='word_1_51' title='bbox 123 739 196 799; x_wconf 90' lang='lat' dir='ltr'><strong>ab</strong></span> <span class='ocrx_word' id='word_1_52' title='bbox 214 736 543 798; x_wconf 89' lang='lat' dir='ltr'><strong>hominibus</strong></span> <span class='ocrx_word' id='word_1_53' title='bbox 566 731 776 795; x_wconf 86' lang='lat' dir='ltr'><strong>adultis</strong></span> <span class='ocrx_word' id='word_1_54' title='bbox 800 738 1234 798; x_wconf 86' lang='lat' dir='ltr'><strong>conversionem</strong></span> <span class='ocrx_word' id='word_1_55' title='bbox 1264 747 1321 794; x_wconf 87' lang='lat' dir='ltr'><strong>et</strong></span> <span class='ocrx_word' id='word_1_56' title='bbox 1346 738 1791 817; x_wconf 78' lang='lat' dir='ltr'><strong>poenitentiam3</strong></span> <span class='ocrx_word' id='word_1_57' title='bbox 1826 761 1958 820; x_wconf 87' lang='lat' dir='ltr'><strong>ergo</strong></span> <span class='ocrx_word' id='word_1_58' title='bbox 1986 742 2201 822; x_wconf 89' lang='lat' dir='ltr'><strong>aliquas</strong></span> 
     </span>
     <span class='ocr_line' id='line_1_8' title="bbox 123 831 2206 917; baseline 0.001 -23"><span class='ocrx_word' id='word_1_59' title='bbox 123 835 521 916; x_wconf 90' lang='lat' dir='ltr'><strong>dispositiones</strong></span> <span class='ocrx_word' id='word_1_60' title='bbox 542 832 704 917; x_wconf 86' lang='lat' dir='ltr'><strong>velut</strong></span> <span class='ocrx_word' id='word_1_61' title='bbox 726 831 1102 891; x_wconf 89' lang='lat' dir='ltr'><strong>necessariam</strong></span> <span class='ocrx_word' id='word_1_62' title='bbox 1124 831 1514 889; x_wconf 90' lang='lat' dir='ltr'><strong>conditionem</strong></span> <span class='ocrx_word' id='word_1_63' title='bbox 1527 831 1602 889; x_wconf 80' lang='lat' dir='ltr'><strong>acl</strong></span> <span class='ocrx_word' id='word_1_64' title='bbox 1622 832 1883 892; x_wconf 88' lang='lat' dir='ltr'><strong>eamdem</strong></span> <span class='ocrx_word' id='word_1_65' title='bbox 1904 858 2206 916; x_wconf 85' lang='lat' dir='ltr'><strong>assequen-</strong></span> 
     </span>
     <span class='ocr_line' id='line_1_9' title="bbox 35 924 2201 1008; baseline 0.001 -21"><span class='ocrx_word' id='word_1_66' title='bbox 35 927 37 930; x_wconf 64' lang='grc'><strong>’</strong></span> <span class='ocrx_word' id='word_1_67' title='bbox 123 928 257 988; x_wconf 89' lang='lat' dir='ltr'><strong>dam</strong></span> <span class='ocrx_word' id='word_1_68' title='bbox 289 928 614 1008; x_wconf 87' lang='lat' dir='ltr'><strong>requirunt.</strong></span> <span class='ocrx_word' id='word_1_69' title='bbox 649 930 830 1000; x_wconf 70' lang='lat' dir='ltr'><strong>Nam,</strong></span> <span class='ocrx_word' id='word_1_70' title='bbox 866 925 1062 985; x_wconf 90' lang='lat' dir='ltr'><strong>Ezech.</strong></span> <span class='ocrx_word' id='word_1_71' title='bbox 1111 926 1325 996; x_wconf 70' lang='lat' dir='ltr'>XVIII,</span> <span class='ocrx_word' id='word_1_72' title='bbox 1374 925 1449 981; x_wconf 78' lang='lat'><strong>21</strong></span> <span class='ocrx_word' id='word_1_73' title='bbox 1484 969 1499 997; x_wconf 84' lang='lat'><strong>.,</strong></span> <span class='ocrx_word' id='word_1_74' title='bbox 1559 924 1766 984; x_wconf 91' lang='lat' dir='ltr'><strong>dicitur</strong></span> <span class='ocrx_word' id='word_1_75' title='bbox 1811 949 1823 983; x_wconf 91' lang='lat'>:</span> <span class='ocrx_word' id='word_1_76' title='bbox 1865 931 1938 985; x_wconf 87' lang='lat' dir='ltr'><strong>Si</strong></span> <span class='ocrx_word' id='word_1_77' title='bbox 1979 935 2201 1007; x_wconf 77' lang='lat' dir='ltr'><strong>impius</strong></span> 
     </span>
     <span class='ocr_line' id='line_1_10' title="bbox 121 1020 2204 1103; baseline 0 -22"><span class='ocrx_word' id='word_1_78' title='bbox 121 1027 303 1103; x_wconf 72' lang='lat' dir='ltr'><strong>eqerit</strong></span> <span class='ocrx_word' id='word_1_79' title='bbox 318 1027 731 1101; x_wconf 74' lang='lat' dir='ltr'><strong>poenitentiam</strong></span> <span class='ocrx_word' id='word_1_80' title='bbox 764 1022 840 1079; x_wconf 83' lang='lat' dir='ltr'><strong>ab</strong></span> <span class='ocrx_word' id='word_1_81' title='bbox 869 1020 1148 1078; x_wconf 74' lang='lat' dir='ltr'><strong>omnibu-s</strong></span> <span class='ocrx_word' id='word_1_82' title='bbox 1170 1023 1433 1096; x_wconf 75' lang='lat' dir='ltr'><strong>peccatis</strong></span> <span class='ocrx_word' id='word_1_83' title='bbox 1454 1022 1581 1076; x_wconf 76' lang='lat' dir='ltr'><strong>suis</strong></span> <span class='ocrx_word' id='word_1_84' title='bbox 1602 1063 1616 1091; x_wconf 77' lang='grc'><em>,</em></span> <span class='ocrx_word' id='word_1_85' title='bbox 1650 1041 1780 1097; x_wconf 81' lang='lat' dir='ltr'><strong>quoe</strong></span> <span class='ocrx_word' id='word_1_86' title='bbox 1808 1033 2080 1098; x_wconf 79' lang='lat' dir='ltr'><strong>operatus</strong></span> <span class='ocrx_word' id='word_1_87' title='bbox 2104 1036 2204 1096; x_wconf 77' lang='lat' dir='ltr'><strong>est,</strong></span> 
     </span>
     <span class='ocr_line' id='line_1_11' title="bbox 122 1115 2213 1194; baseline 0.001 -19"><span class='ocrx_word' id='word_1_88' title='bbox 122 1127 177 1175; x_wconf 81' lang='lat' dir='ltr'><strong>et</strong></span> <span class='ocrx_word' id='word_1_89' title='bbox 191 1117 534 1175; x_wconf 78' lang='lat' dir='ltr'><strong>custodierit</strong></span> <span class='ocrx_word' id='word_1_90' title='bbox 557 1120 760 1173; x_wconf 77' lang='lat' dir='ltr'><strong>omnia</strong></span> <span class='ocrx_word' id='word_1_91' title='bbox 781 1123 1080 1194; x_wconf 64' lang='lat' dir='ltr'><strong>praecepta</strong></span> <span class='ocrx_word' id='word_1_92' title='bbox 1117 1133 1247 1169; x_wconf 78' lang='lat' dir='ltr'><strong>meu</strong></span> <span class='ocrx_word' id='word_1_93' title='bbox 1279 1157 1292 1184; x_wconf 73' lang='lat'>‚</span> <span class='ocrx_word' id='word_1_94' title='bbox 1327 1123 1381 1170; x_wconf 87' lang='lat' dir='ltr'><strong>et</strong></span> <span class='ocrx_word' id='word_1_95' title='bbox 1397 1115 1611 1189; x_wconf 81' lang='lat' dir='ltr'><strong>feeerit</strong></span> <span class='ocrx_word' id='word_1_96' title='bbox 1627 1115 1944 1190; x_wconf 79' lang='lat' dir='ltr'><strong>judicium</strong></span> <span class='ocrx_word' id='word_1_97' title='bbox 1963 1128 2020 1175; x_wconf 91' lang='lat' dir='ltr'><strong>et</strong></span> <span class='ocrx_word' id='word_1_98' title='bbox 2017 1123 2213 1194; x_wconf 74' lang='lat' dir='ltr'><strong>justi-</strong></span> 
     </span>
     <span class='ocr_line' id='line_1_12' title="bbox 122 1206 2219 1285; baseline 0.001 -15"><span class='ocrx_word' id='word_1_99' title='bbox 122 1215 273 1270; x_wconf 85' lang='lat' dir='ltr'><strong>tiam</strong></span> <span class='ocrx_word' id='word_1_100' title='bbox 305 1255 320 1285; x_wconf 66' lang='lat' dir='ltr'>a</span> <span class='ocrx_word' id='word_1_101' title='bbox 353 1217 474 1270; x_wconf 83' lang='lat' dir='ltr'><strong>vita</strong></span> <span class='ocrx_word' id='word_1_102' title='bbox 503 1215 654 1269; x_wconf 85' lang='lat' dir='ltr'><strong>vivet</strong></span> <span class='ocrx_word' id='word_1_103' title='bbox 673 1220 727 1267; x_wconf 83' lang='lat' dir='ltr'><strong>et</strong></span> <span class='ocrx_word' id='word_1_104' title='bbox 749 1230 866 1267; x_wconf 78' lang='lat' dir='ltr'><strong>nou</strong></span> <span class='ocrx_word' id='word_1_105' title='bbox 900 1210 1209 1265; x_wconf 78' lang='lat' dir='ltr'><strong>morietur.</strong></span> <span class='ocrx_word' id='word_1_106' title='bbox 1245 1206 1415 1263; x_wconf 87' lang='lat' dir='ltr'><strong>Zach.</strong></span> <span class='ocrx_word' id='word_1_107' title='bbox 1454 1209 1511 1280; x_wconf 66' lang='lat' dir='ltr'><strong>I7</strong></span> <span class='ocrx_word' id='word_1_108' title='bbox 1550 1206 1584 1264; x_wconf 89' lang='grc'>3</span> <span class='ocrx_word' id='word_1_109' title='bbox 1628 1229 1640 1263; x_wconf 88' lang='lat'><strong>:</strong></span> <span class='ocrx_word' id='word_1_110' title='bbox 1681 1208 2104 1270; x_wconf 76' lang='lat' dir='ltr'><strong>Convertimini</strong></span> <span class='ocrx_word' id='word_1_111' title='bbox 2134 1215 2219 1271; x_wconf 78' lang='lat' dir='ltr'><strong>ad</strong></span> 
     </span>
     <span class='ocr_line' id='line_1_13' title="bbox 122 1304 2214 1377; baseline 0 -13"><span class='ocrx_word' id='word_1_112' title='bbox 122 1327 250 1377; x_wconf 84' lang='lat' dir='ltr'><strong>me,</strong></span> <span class='ocrx_word' id='word_1_113' title='bbox 287 1310 380 1363; x_wconf 85' lang='lat' dir='ltr'><strong>ait</strong></span> <span class='ocrx_word' id='word_1_114' title='bbox 426 1306 724 1364; x_wconf 77' lang='lat' dir='ltr'><strong>Dominus</strong></span> <span class='ocrx_word' id='word_1_115' title='bbox 765 1307 1130 1361; x_wconf 77' lang='lat' dir='ltr'><strong>exercituum</strong></span> <span class='ocrx_word' id='word_1_116' title='bbox 1157 1345 1173 1373; x_wconf 90' lang='lat'>‚</span> <span class='ocrx_word' id='word_1_117' title='bbox 1218 1311 1272 1358; x_wconf 86' lang='lat' dir='ltr'><strong>et</strong></span> <span class='ocrx_word' id='word_1_118' title='bbox 1310 1312 1616 1359; x_wconf 78' lang='lat' dir='ltr'><strong>convertar</strong></span> <span class='ocrx_word' id='word_1_119' title='bbox 1650 1304 1736 1359; x_wconf 77' lang='lat' dir='ltr'><strong>ad</strong></span> <span class='ocrx_word' id='word_1_120' title='bbox 1782 1325 1896 1362; x_wconf 77' lang='lat' dir='ltr'><strong>vos.</strong></span> <span class='ocrx_word' id='word_1_121' title='bbox 1940 1304 2214 1366; x_wconf 83' lang='lat' dir='ltr'><strong>Absoluta</strong></span> 
     </span>
     <span class='ocr_line' id='line_1_14' title="bbox 123 1393 2210 1475; baseline 0 -17"><span class='ocrx_word' id='word_1_122' title='bbox 123 1410 317 1458; x_wconf 90' lang='lat' dir='ltr'><strong>autem</strong></span> <span class='ocrx_word' id='word_1_123' title='bbox 360 1399 694 1457; x_wconf 87' lang='lat' dir='ltr'><strong>necessitate</strong></span> <span class='ocrx_word' id='word_1_124' title='bbox 731 1396 907 1454; x_wconf 90' lang='lat' dir='ltr'><strong>talem</strong></span> <span class='ocrx_word' id='word_1_125' title='bbox 932 1393 1338 1475; x_wconf 88' lang='lat' dir='ltr'><strong>poenitentiam</strong></span> <span class='ocrx_word' id='word_1_126' title='bbox 1371 1395 1613 1473; x_wconf 74' lang='lat' dir='ltr'><strong>requiri,</strong></span> <span class='ocrx_word' id='word_1_127' title='bbox 1651 1407 1873 1454; x_wconf 85' lang='lat' dir='ltr'><strong>constat</strong></span> <span class='ocrx_word' id='word_1_128' title='bbox 1904 1419 1971 1456; x_wconf 83' lang='lat' dir='ltr'><strong>ex</strong></span> <span class='ocrx_word' id='word_1_129' title='bbox 1999 1400 2210 1458; x_wconf 83' lang='lat' dir='ltr'><strong>Christi</strong></span> 
     </span>
     <span class='ocr_line' id='line_1_15' title="bbox 123 1489 2214 1571; baseline 0 -19"><span class='ocrx_word' id='word_1_130' title='bbox 123 1492 350 1567; x_wconf 72' lang='lat' dir='ltr'><strong>verbi5‚</strong></span> <span class='ocrx_word' id='word_1_131' title='bbox 402 1494 535 1550; x_wconf 91' lang='lat' dir='ltr'><strong>Luc.</strong></span> <span class='ocrx_word' id='word_1_132' title='bbox 590 1492 758 1563; x_wconf 67' lang='lat' dir='ltr'>XIII,</span> <span class='ocrx_word' id='word_1_133' title='bbox 799 1490 834 1548; x_wconf 87' lang='lat'>3</span> <span class='ocrx_word' id='word_1_134' title='bbox 891 1511 904 1546; x_wconf 73' lang='grc' dir='ltr'>ε</span> <span class='ocrx_word' id='word_1_135' title='bbox 955 1489 1102 1547; x_wconf 70' lang='lat' dir='ltr'><strong>Nisi</strong></span> <span class='ocrx_word' id='word_1_136' title='bbox 1136 1491 1561 1566; x_wconf 76' lang='lat' dir='ltr'><strong>poenitentium</strong></span> <span class='ocrx_word' id='word_1_137' title='bbox 1608 1490 1978 1571; x_wconf 67' lang='lat' dir='ltr'><strong>habueritis,</strong></span> <span class='ocrx_word' id='word_1_138' title='bbox 2024 1515 2214 1552; x_wconf 73' lang='lat' dir='ltr'><strong>omnes</strong></span> 
     </span>
     <span class='ocr_line' id='line_1_16' title="bbox 124 1581 2216 1665; baseline 0 -19"><span class='ocrx_word' id='word_1_139' title='bbox 124 1589 399 1647; x_wconf 76' lang='lat' dir='ltr'><strong>similiter</strong></span> <span class='ocrx_word' id='word_1_140' title='bbox 435 1587 738 1665; x_wconf 74' lang='lat' dir='ltr'><strong>peribitis,</strong></span> <span class='ocrx_word' id='word_1_141' title='bbox 787 1587 975 1657; x_wconf 83' lang='lat' dir='ltr'><strong>Quare</strong></span> <span class='ocrx_word' id='word_1_142' title='bbox 1015 1581 1318 1663; x_wconf 88' lang='lat' dir='ltr'><strong>Apostolus</strong></span> <span class='ocrx_word' id='word_1_143' title='bbox 1362 1584 1602 1655; x_wconf 82' lang='lat' dir='ltr'><strong>PetruS,</strong></span> <span class='ocrx_word' id='word_1_144' title='bbox 1659 1585 1780 1641; x_wconf 90' lang='lat' dir='ltr'><strong>Act.</strong></span> <span class='ocrx_word' id='word_1_145' title='bbox 1838 1587 1922 1659; x_wconf 73' lang='grc' dir='ltr'><strong>ΙΙ,</strong></span> <span class='ocrx_word' id='word_1_146' title='bbox 1972 1587 2083 1660; x_wconf 66' lang='lat'><strong>38,</strong></span> <span class='ocrx_word' id='word_1_147' title='bbox 2138 1590 2216 1646; x_wconf 90' lang='lat' dir='ltr'><strong>sio</strong></span> 
     </span>
     <span class='ocr_line' id='line_1_17' title="bbox 126 1676 2213 1761; baseline 0 -22"><span class='ocrx_word' id='word_1_148' title='bbox 126 1683 162 1740; x_wconf 85' lang='lat' dir='ltr'><strong>J</strong></span> <span class='ocrx_word' id='word_1_149' title='bbox 168 1680 355 1739; x_wconf 85' lang='lat' dir='ltr'><strong>udaeos</strong></span> <span class='ocrx_word' id='word_1_150' title='bbox 382 1689 755 1761; x_wconf 89' lang='lat' dir='ltr'><strong>compunctos</strong></span> <span class='ocrx_word' id='word_1_151' title='bbox 786 1677 860 1735; x_wconf 89' lang='lat' dir='ltr'><strong>ad</strong></span> <span class='ocrx_word' id='word_1_152' title='bbox 896 1680 944 1755; x_wconf 86' lang='lat' dir='ltr'><strong>ej</strong></span> <span class='ocrx_word' id='word_1_153' title='bbox 956 1698 1018 1734; x_wconf 88' lang='lat' dir='ltr'><strong>us</strong></span> <span class='ocrx_word' id='word_1_154' title='bbox 1039 1676 1503 1757; x_wconf 88' lang='lat' dir='ltr'><strong>praedicationem</strong></span> <span class='ocrx_word' id='word_1_155' title='bbox 1529 1676 1931 1757; x_wconf 85' lang='lat' dir='ltr'><strong>alloquebatur</strong></span> <span class='ocrx_word' id='word_1_156' title='bbox 1958 1702 1970 1737; x_wconf 91' lang='lat'>:</span> <span class='ocrx_word' id='word_1_157' title='bbox 2005 1682 2213 1740; x_wconf 71' lang='lat' dir='ltr'><strong>Pami-</strong></span> 
     </span>
     <span class='ocr_line' id='line_1_18' title="bbox 127 1775 2213 1853; baseline 0.001 -20"><span class='ocrx_word' id='word_1_158' title='bbox 127 1781 372 1834; x_wconf 80' lang='lat' dir='ltr'><strong>tentiam</strong></span> <span class='ocrx_word' id='word_1_159' title='bbox 412 1779 566 1853; x_wconf 74' lang='lat' dir='ltr'><strong>ayite</strong></span> <span class='ocrx_word' id='word_1_160' title='bbox 580 1817 603 1845; x_wconf 86' lang='lat'><em>,</em></span> <span class='ocrx_word' id='word_1_161' title='bbox 645 1784 699 1831; x_wconf 88' lang='lat' dir='ltr'><strong>et</strong></span> <span class='ocrx_word' id='word_1_162' title='bbox 734 1775 1066 1851; x_wconf 77' lang='lat' dir='ltr'><strong>baptizetur</strong></span> <span class='ocrx_word' id='word_1_163' title='bbox 1110 1775 1516 1848; x_wconf 73' lang='lat' dir='ltr'><strong>unusquisque</strong></span> <span class='ocrx_word' id='word_1_164' title='bbox 1558 1783 1816 1830; x_wconf 78' lang='lat' dir='ltr'><strong>vestrum</strong></span> <span class='ocrx_word' id='word_1_165' title='bbox 1856 1780 1925 1831; x_wconf 76' lang='lat' dir='ltr'><strong>in</strong></span> <span class='ocrx_word' id='word_1_166' title='bbox 1976 1781 2213 1835; x_wconf 74' lang='lat' dir='ltr'><strong>nomine</strong></span> 
     </span>
     <span class='ocr_line' id='line_1_19' title="bbox 125 1864 2215 1947; baseline 0.001 -20"><span class='ocrx_word' id='word_1_167' title='bbox 125 1869 272 1927; x_wconf 79' lang='lat' dir='ltr'><strong>Jesu</strong></span> <span class='ocrx_word' id='word_1_168' title='bbox 312 1868 539 1925; x_wconf 76' lang='lat' dir='ltr'><strong>Christi</strong></span> <span class='ocrx_word' id='word_1_169' title='bbox 571 1871 639 1923; x_wconf 79' lang='lat' dir='ltr'><strong>in</strong></span> <span class='ocrx_word' id='word_1_170' title='bbox 679 1870 1080 1923; x_wconf 74' lang='lat' dir='ltr'><strong>remissionem</strong></span> <span class='ocrx_word' id='word_1_171' title='bbox 1108 1875 1508 1942; x_wconf 74' lang='lat' dir='ltr'><strong>peccatorum.</strong></span> <span class='ocrx_word' id='word_1_172' title='bbox 1553 1864 1895 1926; x_wconf 83' lang='lat' dir='ltr'><strong>Luculenter</strong></span> <span class='ocrx_word' id='word_1_173' title='bbox 1932 1870 2103 1947; x_wconf 89' lang='lat' dir='ltr'><strong>igitur</strong></span> <span class='ocrx_word' id='word_1_174' title='bbox 2145 1893 2215 1929; x_wconf 80' lang='lat' dir='ltr'><strong>ex</strong></span> 
     </span>
     <span class='ocr_line' id='line_1_20' title="bbox 124 1957 2211 2045; baseline 0.001 -26"><span class='ocrx_word' id='word_1_175' title='bbox 124 1960 426 2041; x_wconf 88' lang='lat' dir='ltr'><strong>Scripturis</strong></span> <span class='ocrx_word' id='word_1_176' title='bbox 460 1959 742 2017; x_wconf 86' lang='lat' dir='ltr'><strong>evincitur</strong></span> <span class='ocrx_word' id='word_1_177' title='bbox 764 2003 779 2033; x_wconf 91' lang='lat'>‚</span> <span class='ocrx_word' id='word_1_178' title='bbox 826 1958 1227 2045; x_wconf 86' lang='lat' dir='ltr'><strong>dispositiones</strong></span> <span class='ocrx_word' id='word_1_179' title='bbox 1264 1957 1481 2037; x_wconf 86' lang='lat' dir='ltr'><strong>aliquas</strong></span> <span class='ocrx_word' id='word_1_180' title='bbox 1516 1959 1773 2037; x_wconf 71' lang='lat' dir='ltr'><strong>requiri,</strong></span> <span class='ocrx_word' id='word_1_181' title='bbox 1816 1972 1881 2018; x_wconf 92' lang='lat' dir='ltr'><strong>ut</strong></span> <span class='ocrx_word' id='word_1_182' title='bbox 1928 1964 2211 2043; x_wconf 89' lang='lat' dir='ltr'><strong>quispiam</strong></span> 
     </span>
     <span class='ocr_line' id='line_1_21' title="bbox 123 2053 1027 2133; baseline -0.007 -20"><span class='ocrx_word' id='word_1_183' title='bbox 123 2053 593 2133; x_wconf 85' lang='lat' dir='ltr'><strong>justificationem</strong></span> <span class='ocrx_word' id='word_1_184' title='bbox 624 2062 1027 2132; x_wconf 89' lang='lat' dir='ltr'><strong>consequatur.</strong></span> 
     </span>
    </p>

    <p class='ocr_par' dir='ltr' id='par_1_4' title="bbox 129 2144 2222 3072">
     <span class='ocr_line' id='line_1_22' title="bbox 211 2144 2217 2227; baseline 0.001 -20"><span class='ocrx_word' id='word_1_185' title='bbox 211 2149 347 2207; x_wconf 77' lang='lat'><strong>527.</strong></span> <span class='ocrx_word' id='word_1_186' title='bbox 396 2149 625 2206; x_wconf 87' lang='lat' dir='ltr'><strong>Frustra</strong></span> <span class='ocrx_word' id='word_1_187' title='bbox 674 2157 806 2227; x_wconf 90' lang='lat' dir='ltr'><strong>post</strong></span> <span class='ocrx_word' id='word_1_188' title='bbox 844 2144 965 2204; x_wconf 86' lang='lat' dir='ltr'><strong>haec</strong></span> <span class='ocrx_word' id='word_1_189' title='bbox 1002 2144 1143 2204; x_wconf 92' lang='lat' dir='ltr'><strong>adeo</strong></span> <span class='ocrx_word' id='word_1_190' title='bbox 1186 2144 1479 2204; x_wconf 88' lang='lat' dir='ltr'><strong>luculenta</strong></span> <span class='ocrx_word' id='word_1_191' title='bbox 1517 2146 1946 2227; x_wconf 89' lang='lat' dir='ltr'><strong>Scripturarum</strong></span> <span class='ocrx_word' id='word_1_192' title='bbox 1990 2152 2217 2210; x_wconf 90' lang='lat' dir='ltr'><strong>oracula</strong></span> 
     </span>
     <span class='ocr_line' id='line_1_23' title="bbox 133 2228 2216 2316; baseline 0.002 -16"><span class='ocrx_word' id='word_1_193' title='bbox 133 2245 371 2301; x_wconf 90' lang='lat' dir='ltr'><strong>Patrum</strong></span> <span class='ocrx_word' id='word_1_194' title='bbox 418 2228 748 2299; x_wconf 87' lang='lat' dir='ltr'><strong>testimonia</strong></span> <span class='ocrx_word' id='word_1_195' title='bbox 786 2260 1220 2316; x_wconf 81' lang='lat' dir='ltr'><strong>congereremus</strong></span> <span class='ocrx_word' id='word_1_196' title='bbox 1261 2238 1335 2296; x_wconf 89' lang='lat' dir='ltr'><strong>ad</strong></span> <span class='ocrx_word' id='word_1_197' title='bbox 1375 2239 1527 2297; x_wconf 90' lang='lat' dir='ltr'><strong>hanc</strong></span> <span class='ocrx_word' id='word_1_198' title='bbox 1574 2243 1879 2299; x_wconf 89' lang='lat' dir='ltr'><strong>veritatem</strong></span> <span class='ocrx_word' id='word_1_199' title='bbox 1902 2287 1916 2316; x_wconf 79' lang='lat'>‚</span> <span class='ocrx_word' id='word_1_200' title='bbox 1953 2246 2216 2304; x_wconf 89' lang='lat' dir='ltr'><strong>unanimi</strong></span> 
     </span>
     <span class='ocr_line' id='line_1_24' title="bbox 129 2331 2215 2416; baseline 0.002 -23"><span class='ocrx_word' id='word_1_201' title='bbox 129 2335 362 2394; x_wconf 91' lang='lat' dir='ltr'><strong>illorum</strong></span> <span class='ocrx_word' id='word_1_202' title='bbox 396 2354 682 2394; x_wconf 89' lang='lat' dir='ltr'><strong>consensu</strong></span> <span class='ocrx_word' id='word_1_203' title='bbox 715 2333 1044 2403; x_wconf 85' lang='lat' dir='ltr'><strong>firmatam,</strong></span> <span class='ocrx_word' id='word_1_204' title='bbox 1083 2331 1517 2391; x_wconf 85' lang='lat' dir='ltr'><strong>adstruendam.</strong></span> <span class='ocrx_word' id='word_1_205' title='bbox 1563 2333 1673 2391; x_wconf 87' lang='lat' dir='ltr'><strong>Sed</strong></span> <span class='ocrx_word' id='word_1_206' title='bbox 1698 2356 1846 2392; x_wconf 89' lang='lat' dir='ltr'><strong>unus</strong></span> <span class='ocrx_word' id='word_1_207' title='bbox 1872 2357 1988 2416; x_wconf 85' lang='lat' dir='ltr'><strong>prae</strong></span> <span class='ocrx_word' id='word_1_208' title='bbox 2013 2340 2215 2397; x_wconf 89' lang='lat' dir='ltr'><strong>ceteris</strong></span> 
     </span>
     <span class='ocr_line' id='line_1_25' title="bbox 133 2425 2218 2506; baseline 0.001 -19"><span class='ocrx_word' id='word_1_209' title='bbox 133 2428 401 2488; x_wconf 90' lang='lat' dir='ltr'><strong>audiatur</strong></span> <span class='ocrx_word' id='word_1_210' title='bbox 427 2428 772 2506; x_wconf 83' lang='lat' dir='ltr'><strong>Augustinus</strong></span> <span class='ocrx_word' id='word_1_211' title='bbox 792 2469 812 2496; x_wconf 86' lang='lat'><em>,</em></span> <span class='ocrx_word' id='word_1_212' title='bbox 842 2427 1002 2502; x_wconf 82' lang='lat' dir='ltr'><strong>cujus</strong></span> <span class='ocrx_word' id='word_1_213' title='bbox 1027 2435 1232 2483; x_wconf 88' lang='lat' dir='ltr'><strong>notum</strong></span> <span class='ocrx_word' id='word_1_214' title='bbox 1269 2425 1506 2483; x_wconf 84' lang='lat' dir='ltr'><strong>effatum</strong></span> <span class='ocrx_word' id='word_1_215' title='bbox 1531 2437 1617 2484; x_wconf 89' lang='lat' dir='ltr'><strong>est</strong></span> <span class='ocrx_word' id='word_1_216' title='bbox 1650 2447 1719 2484; x_wconf 81' lang='lat' dir='ltr'><strong>ex</strong></span> <span class='ocrx_word' id='word_1_217' title='bbox 1747 2430 1927 2487; x_wconf 81' lang='lat' dir='ltr'><strong>Serm.</strong></span> <span class='ocrx_word' id='word_1_218' title='bbox 1958 2431 2080 2491; x_wconf 84' lang='lat' dir='ltr'><strong>XV</strong></span> <span class='ocrx_word' id='word_1_219' title='bbox 2101 2476 2116 2505; x_wconf 77' lang='grc'><em>,</em></span> <span class='ocrx_word' id='word_1_220' title='bbox 2148 2434 2218 2490; x_wconf 83' lang='lat' dir='ltr'><strong>de</strong></span> 
     </span>
     <span class='ocr_line' id='line_1_26' title="bbox 133 2522 2215 2601; baseline 0 -19"><span class='ocrx_word' id='word_1_221' title='bbox 133 2524 325 2582; x_wconf 72' lang='lat' dir='ltr'><strong>verbis</strong></span> <span class='ocrx_word' id='word_1_222' title='bbox 359 2522 662 2601; x_wconf 75' lang='lat' dir='ltr'><strong>Apostoli:</strong></span> <span class='ocrx_word' id='word_1_223' title='bbox 689 2525 812 2597; x_wconf 82' lang='lat' dir='ltr'><strong>Qui</strong></span> <span class='ocrx_word' id='word_1_224' title='bbox 837 2523 984 2598; x_wconf 80' lang='lat' dir='ltr'><strong>fecit</strong></span> <span class='ocrx_word' id='word_1_225' title='bbox 1025 2530 1074 2576; x_wconf 88' lang='lat' dir='ltr'><strong>te</strong></span> <span class='ocrx_word' id='word_1_226' title='bbox 1110 2524 1236 2576; x_wconf 79' lang='lat' dir='ltr'><strong>sine</strong></span> <span class='ocrx_word' id='word_1_227' title='bbox 1259 2530 1341 2589; x_wconf 86' lang='lat' dir='ltr'><strong>te,</strong></span> <span class='ocrx_word' id='word_1_228' title='bbox 1381 2541 1502 2577; x_wconf 74' lang='lat' dir='ltr'><strong>uon</strong></span> <span class='ocrx_word' id='word_1_229' title='bbox 1532 2531 1582 2576; x_wconf 92' lang='lat' dir='ltr'><strong>te</strong></span> <span class='ocrx_word' id='word_1_230' title='bbox 1597 2524 1897 2599; x_wconf 74' lang='lat' dir='ltr'><strong>justificat</strong></span> <span class='ocrx_word' id='word_1_231' title='bbox 1927 2530 2055 2581; x_wconf 75' lang='lat' dir='ltr'><strong>sine</strong></span> <span class='ocrx_word' id='word_1_232' title='bbox 2089 2535 2215 2583; x_wconf 86' lang='lat' dir='ltr'><strong>te...</strong></span> 
     </span>
     <span class='ocr_line' id='line_1_27' title="bbox 135 2612 2218 2697; baseline 0 -22"><span class='ocrx_word' id='word_1_233' title='bbox 135 2618 302 2677; x_wconf 84' lang='lat' dir='ltr'><strong>Fecit</strong></span> <span class='ocrx_word' id='word_1_234' title='bbox 319 2619 664 2674; x_wconf 75' lang='lat' dir='ltr'><strong>nescientem</strong></span> <span class='ocrx_word' id='word_1_235' title='bbox 668 2658 688 2686; x_wconf 82' lang='grc'>,</span> <span class='ocrx_word' id='word_1_236' title='bbox 690 2615 994 2693; x_wconf 80' lang='lat' dir='ltr'><strong>justificat</strong></span> <span class='ocrx_word' id='word_1_237' title='bbox 1014 2614 1289 2671; x_wconf 78' lang='lat' dir='ltr'><strong>volentem</strong></span> <span class='ocrx_word' id='word_1_238' title='bbox 1305 2614 1413 2692; x_wconf 89' lang='lat'><strong>(1).</strong></span> <span class='ocrx_word' id='word_1_239' title='bbox 1446 2612 1662 2684; x_wconf 84' lang='lat' dir='ltr'><strong>Quibus</strong></span> <span class='ocrx_word' id='word_1_240' title='bbox 1683 2616 1873 2673; x_wconf 90' lang='lat' dir='ltr'><strong>verbis</strong></span> <span class='ocrx_word' id='word_1_241' title='bbox 1888 2617 2218 2697; x_wconf 82' lang='lat' dir='ltr'><strong>complexus</strong></span> 
     </span>
     <span class='ocr_line' id='line_1_28' title="bbox 137 2707 2220 2788; baseline 0.001 -20"><span class='ocrx_word' id='word_1_242' title='bbox 137 2720 224 2768; x_wconf 91' lang='lat' dir='ltr'><strong>est</strong></span> <span class='ocrx_word' id='word_1_243' title='bbox 246 2710 301 2767; x_wconf 90' lang='lat' dir='ltr'><strong>S.</strong></span> <span class='ocrx_word' id='word_1_244' title='bbox 346 2711 556 2768; x_wconf 89' lang='lat' dir='ltr'><strong>Doctor</strong></span> <span class='ocrx_word' id='word_1_245' title='bbox 577 2709 860 2767; x_wconf 87' lang='lat' dir='ltr'><strong>rationem</strong></span> <span class='ocrx_word' id='word_1_246' title='bbox 881 2751 897 2780; x_wconf 73' lang='grc'><em>,</em></span> <span class='ocrx_word' id='word_1_247' title='bbox 930 2728 1054 2787; x_wconf 83' lang='lat' dir='ltr'><strong>quae</strong></span> <span class='ocrx_word' id='word_1_248' title='bbox 1082 2728 1152 2764; x_wconf 81' lang='lat' dir='ltr'><strong>ex</strong></span> <span class='ocrx_word' id='word_1_249' title='bbox 1180 2707 1382 2764; x_wconf 88' lang='lat' dir='ltr'><strong>intima</strong></span> <span class='ocrx_word' id='word_1_250' title='bbox 1398 2707 1479 2764; x_wconf 92' lang='lat' dir='ltr'><strong>rei</strong></span> <span class='ocrx_word' id='word_1_251' title='bbox 1505 2707 1711 2774; x_wconf 85' lang='lat' dir='ltr'><strong>natura</strong></span> <span class='ocrx_word' id='word_1_252' title='bbox 1740 2711 1978 2788; x_wconf 78' lang='lat' dir='ltr'><strong>exurgit.</strong></span> <span class='ocrx_word' id='word_1_253' title='bbox 2014 2713 2220 2783; x_wconf 83' lang='lat' dir='ltr'><strong>Quem-</strong></span> 
     </span>
     <span class='ocr_line' id='line_1_29' title="bbox 136 2790 2218 2888; baseline 0.001 -26"><span class='ocrx_word' id='word_1_254' title='bbox 136 2803 449 2863; x_wconf 88' lang='lat' dir='ltr'><strong>admodum</strong></span> <span class='ocrx_word' id='word_1_255' title='bbox 469 2824 680 2888; x_wconf 89' lang='lat' dir='ltr'><strong>nempe</strong></span> <span class='ocrx_word' id='word_1_256' title='bbox 701 2803 908 2883; x_wconf 89' lang='lat' dir='ltr'><strong>impius</strong></span> <span class='ocrx_word' id='word_1_257' title='bbox 923 2790 1248 2863; x_wconf 79' lang='lat' dir='ltr'><strong>voluntarie</strong></span> <span class='ocrx_word' id='word_1_258' title='bbox 1264 2800 1553 2882; x_wconf 86' lang='lat' dir='ltr'><strong>peccando</strong></span> <span class='ocrx_word' id='word_1_259' title='bbox 1579 2805 1810 2861; x_wconf 90' lang='lat' dir='ltr'><strong>recessit</strong></span> <span class='ocrx_word' id='word_1_260' title='bbox 1833 2826 1865 2862; x_wconf 91' lang='lat' dir='ltr'><strong>a</strong></span> <span class='ocrx_word' id='word_1_261' title='bbox 1890 2807 2006 2862; x_wconf 89' lang='lat' dir='ltr'><strong>Deo</strong></span> <span class='ocrx_word' id='word_1_262' title='bbox 2028 2850 2042 2872; x_wconf 73' lang='lat'><strong>.</strong></span> <span class='ocrx_word' id='word_1_263' title='bbox 2073 2810 2218 2879; x_wconf 74' lang='lat' dir='ltr'><strong>ejus-</strong></span> 
     </span>
     <span class='ocr_line' id='line_1_30' title="bbox 140 2889 2222 2978; baseline 0.002 -23"><span class='ocrx_word' id='word_1_264' title='bbox 140 2918 253 2978; x_wconf 87' lang='lat' dir='ltr'><strong>que</strong></span> <span class='ocrx_word' id='word_1_265' title='bbox 277 2895 500 2955; x_wconf 86' lang='lat' dir='ltr'><strong>obstitit</strong></span> <span class='ocrx_word' id='word_1_266' title='bbox 516 2889 720 2974; x_wconf 48' lang='lat' dir='ltr'><strong>‘gratiae</strong></span> <span class='ocrx_word' id='word_1_267' title='bbox 743 2921 758 2969; x_wconf 72' lang='grc' dir='ltr'><strong>ς</strong></span> <span class='ocrx_word' id='word_1_268' title='bbox 803 2897 881 2954; x_wconf 84' lang='lat' dir='ltr'><strong>sic</strong></span> <span class='ocrx_word' id='word_1_269' title='bbox 906 2917 1222 2974; x_wconf 87' lang='lat' dir='ltr'><strong>congruum</strong></span> <span class='ocrx_word' id='word_1_270' title='bbox 1249 2905 1335 2954; x_wconf 91' lang='lat' dir='ltr'><strong>est</strong></span> <span class='ocrx_word' id='word_1_271' title='bbox 1354 2940 1369 2969; x_wconf 61' lang='lat'>7</span> <span class='ocrx_word' id='word_1_272' title='bbox 1399 2906 1465 2952; x_wconf 92' lang='lat' dir='ltr'><strong>ut</strong></span> <span class='ocrx_word' id='word_1_273' title='bbox 1488 2917 1607 2953; x_wconf 90' lang='lat' dir='ltr'><strong>non</strong></span> <span class='ocrx_word' id='word_1_274' title='bbox 1630 2898 1868 2977; x_wconf 89' lang='lat' dir='ltr'><strong>accipiat</strong></span> <span class='ocrx_word' id='word_1_275' title='bbox 1887 2901 2222 2961; x_wconf 88' lang='lat' dir='ltr'><strong>reconcilia-</strong></span> 
     </span>
     <span class='ocr_line' id='line_1_31' title="bbox 139 2989 2000 3072; baseline 0.001 -23"><span class='ocrx_word' id='word_1_276' title='bbox 139 2992 359 3049; x_wconf 89' lang='lat' dir='ltr'><strong>tionem</strong></span> <span class='ocrx_word' id='word_1_277' title='bbox 377 2991 489 3048; x_wconf 91' lang='lat' dir='ltr'><strong>nisi</strong></span> <span class='ocrx_word' id='word_1_278' title='bbox 514 3011 627 3072; x_wconf 80' lang='lat' dir='ltr'><strong>per.</strong></span> <span class='ocrx_word' id='word_1_279' title='bbox 647 3011 810 3047; x_wconf 90' lang='lat' dir='ltr'><strong>suam</strong></span> <span class='ocrx_word' id='word_1_280' title='bbox 835 2989 1223 3048; x_wconf 84' lang='lat' dir='ltr'><strong>voluntariam</strong></span> <span class='ocrx_word' id='word_1_281' title='bbox 1256 2990 1692 3049; x_wconf 85' lang='lat' dir='ltr'><strong>conversionem</strong></span> <span class='ocrx_word' id='word_1_282' title='bbox 1707 2991 1779 3047; x_wconf 89' lang='lat' dir='ltr'><strong>ad</strong></span> <span class='ocrx_word' id='word_1_283' title='bbox 1795 2993 2000 3071; x_wconf 76' lang='lat' dir='ltr'><strong>Deum.</strong></span> 
     </span>
    </p>

    <p class='ocr_par' dir='ltr' id='par_1_5' title="bbox 138 3083 2229 3448">
     <span class='ocr_line' id='line_1_32' title="bbox 220 3083 2226 3165; baseline 0.003 -24"><span class='ocrx_word' id='word_1_284' title='bbox 220 3084 355 3143; x_wconf 73' lang='lat'><strong>528.</strong></span> <span class='ocrx_word' id='word_1_285' title='bbox 400 3083 488 3143; x_wconf 90' lang='lat' dir='ltr'><strong>Ad</strong></span> <span class='ocrx_word' id='word_1_286' title='bbox 516 3083 755 3143; x_wconf 84' lang='lat' dir='ltr'><strong>alteram</strong></span> <span class='ocrx_word' id='word_1_287' title='bbox 782 3094 975 3142; x_wconf 87' lang='lat' dir='ltr'><strong>autem</strong></span> <span class='ocrx_word' id='word_1_288' title='bbox 990 3083 1394 3165; x_wconf 89' lang='lat' dir='ltr'><strong>propositionis</strong></span> <span class='ocrx_word' id='word_1_289' title='bbox 1411 3093 1637 3163; x_wconf 89' lang='lat' dir='ltr'><strong>partem</strong></span> <span class='ocrx_word' id='word_1_290' title='bbox 1653 3083 1807 3163; x_wconf 88' lang='lat' dir='ltr'><strong>quod</strong></span> <span class='ocrx_word' id='word_1_291' title='bbox 1824 3085 2062 3160; x_wconf 73' lang='lat' dir='ltr'><strong>attinet,</strong></span> <span class='ocrx_word' id='word_1_292' title='bbox 2095 3109 2226 3147; x_wconf 89' lang='lat' dir='ltr'><strong>eam</strong></span> 
     </span>
     <span class='ocr_line' id='line_1_33' title="bbox 138 3177 2224 3261; baseline 0.002 -25"><span class='ocrx_word' id='word_1_293' title='bbox 138 3179 355 3261; x_wconf 88' lang='lat' dir='ltr'><strong>pariter</strong></span> <span class='ocrx_word' id='word_1_294' title='bbox 398 3178 579 3237; x_wconf 91' lang='lat' dir='ltr'><strong>Sacris</strong></span> <span class='ocrx_word' id='word_1_295' title='bbox 618 3178 844 3236; x_wconf 86' lang='lat' dir='ltr'><strong>Litteris</strong></span> <span class='ocrx_word' id='word_1_296' title='bbox 878 3178 1082 3252; x_wconf 73' lang='lat' dir='ltr'><strong>inniti,</strong></span> <span class='ocrx_word' id='word_1_297' title='bbox 1119 3178 1198 3236; x_wconf 91' lang='lat' dir='ltr'><strong>sic</strong></span> <span class='ocrx_word' id='word_1_298' title='bbox 1225 3177 1687 3236; x_wconf 87' lang='lat' dir='ltr'><strong>demonstramus</strong></span> <span class='ocrx_word' id='word_1_299' title='bbox 1721 3200 1734 3235; x_wconf 76' lang='grc' dir='ltr'>ε</span> <span class='ocrx_word' id='word_1_300' title='bbox 1781 3180 1961 3239; x_wconf 85' lang='lat' dir='ltr'><strong>Sacrae</strong></span> <span class='ocrx_word' id='word_1_301' title='bbox 1995 3182 2224 3242; x_wconf 66' lang='lat' dir='ltr'><strong>Litterae</strong></span> 
     </span>
     <span class='ocr_line' id='line_1_34' title="bbox 138 3270 2228 3355; baseline 0.001 -23"><span class='ocrx_word' id='word_1_302' title='bbox 138 3285 351 3355; x_wconf 86' lang='lat' dir='ltr'><strong>praeter</strong></span> <span class='ocrx_word' id='word_1_303' title='bbox 384 3271 560 3332; x_wconf 88' lang='lat' dir='ltr'><strong>fidem</strong></span> <span class='ocrx_word' id='word_1_304' title='bbox 605 3272 679 3331; x_wconf 90' lang='lat' dir='ltr'><strong>ad</strong></span> <span class='ocrx_word' id='word_1_305' title='bbox 712 3272 1180 3351; x_wconf 86' lang='lat' dir='ltr'><strong>justificationem</strong></span> <span class='ocrx_word' id='word_1_306' title='bbox 1216 3270 1519 3352; x_wconf 88' lang='lat' dir='ltr'><strong>requirunt</strong></span> <span class='ocrx_word' id='word_1_307' title='bbox 1562 3292 1754 3353; x_wconf 88' lang='lat' dir='ltr'><strong>opera.</strong></span> <span class='ocrx_word' id='word_1_308' title='bbox 1792 3275 2008 3353; x_wconf 80' lang='lat' dir='ltr'><strong>Erg0...</strong></span> <span class='ocrx_word' id='word_1_309' title='bbox 2059 3278 2228 3335; x_wconf 90' lang='lat' dir='ltr'><strong>Jaco-</strong></span> 
     </span>
     <span class='ocr_line' id='line_1_35' title="bbox 138 3365 2229 3448; baseline 0.001 -21"><span class='ocrx_word' id='word_1_310' title='bbox 138 3367 251 3427; x_wconf 88' lang='lat' dir='ltr'><strong>bus</strong></span> <span class='ocrx_word' id='word_1_311' title='bbox 295 3367 483 3441; x_wconf 74' lang='lat' dir='ltr'><strong>enim,</strong></span> <span class='ocrx_word' id='word_1_312' title='bbox 527 3367 703 3448; x_wconf 88' lang='lat' dir='ltr'><strong>Epist.</strong></span> <span class='ocrx_word' id='word_1_313' title='bbox 754 3368 852 3443; x_wconf 81' lang='lat'><strong>11,</strong></span> <span class='ocrx_word' id='word_1_314' title='bbox 901 3365 982 3424; x_wconf 77' lang='lat'><strong>24</strong></span> <span class='ocrx_word' id='word_1_315' title='bbox 1024 3388 1040 3424; x_wconf 72' lang='grc' dir='ltr'>ι</span> <span class='ocrx_word' id='word_1_316' title='bbox 1090 3370 1190 3425; x_wconf 71' lang='lat' dir='ltr'><strong>Ex</strong></span> <span class='ocrx_word' id='word_1_317' title='bbox 1233 3366 1542 3446; x_wconf 75' lang='lat' dir='ltr'><strong>operibus,</strong></span> <span class='ocrx_word' id='word_1_318' title='bbox 1595 3367 1820 3448; x_wconf 81' lang='lat' dir='ltr'><strong>inquit,</strong></span> <span class='ocrx_word' id='word_1_319' title='bbox 1850 3371 2229 3448; x_wconf 74' lang='lat' dir='ltr'><strong>justificatur</strong></span> 
     </span>
    </p>
   </div>
   <div class='ocr_carea' id='block_1_3' title="bbox 142 3554 1954 3695">
    <p class='ocr_par' dir='ltr' id='par_1_6' title="bbox 142 3554 1954 3695">
     <span class='ocr_line' id='line_1_36' title="bbox 205 3554 799 3621; baseline 0 -17"><span class='ocrx_word' id='word_1_320' title='bbox 205 3557 276 3620; x_wconf 89' lang='lat'><strong>(1)</strong></span> <span class='ocrx_word' id='word_1_321' title='bbox 311 3555 427 3621; x_wconf 84' lang='lat' dir='ltr'><strong>Cap.</strong></span> <span class='ocrx_word' id='word_1_322' title='bbox 463 3571 548 3616; x_wconf 82' lang='lat'><strong>11,</strong></span> <span class='ocrx_word' id='word_1_323' title='bbox 574 3572 623 3606; x_wconf 87' lang='lat' dir='ltr'><strong>n.</strong></span> <span class='ocrx_word' id='word_1_324' title='bbox 660 3554 741 3604; x_wconf 84' lang='lat'><strong>13.</strong></span> <span class='ocrx_word' id='word_1_325' title='bbox 796 3609 799 3613; x_wconf 49' lang='grc'><strong>,</strong></span> 
     </span>
     <span class='ocr_line' id='line_1_37' title="bbox 142 3620 1954 3695; baseline 0 -5"><span class='ocrx_word' id='word_1_326' title='bbox 142 3687 144 3690; x_wconf 80' lang='grc'>.</span> <span class='ocrx_word' id='word_1_327' title='bbox 187 3620 290 3695; x_wconf 83' lang='grc' dir='ltr'><strong>’Τ.</strong></span> <span class='ocrx_word' id='word_1_328' title='bbox 340 3637 406 3694; x_wconf 89' lang='lat' dir='ltr'><strong>v.</strong></span> <span class='ocrx_word' id='word_1_329' title='bbox 800 3680 803 3683; x_wconf 95' lang='lat'><strong>.</strong></span> <span class='ocrx_word' id='word_1_330' title='bbox 1883 3635 1954 3690; x_wconf 88' lang='lat'><strong>16</strong></span> 
     </span>
    </p>
   </div>
  </div>
 </body>
</html>
