2430 4056
207 159 321 220 336

698 179 891 217 macr.
935 178 1003 213 mi
1043 175 1425 214 smmunn'ris
1467 177 1529 214 m
1569 145 1806 212 ennean.

288 324 387 383 76.
433 323 598 397 Resp.
633 317 707 375 ad
738 317 839 390 ΙΨ,
869 317 1022 381 Dist.
1057 315 1194 386 Quae
1219 276 1419 371 ta'men
1434 313 1735 394 aptissima
1765 309 1960 383 estad
1996 331 2169 370 omne
2209 313 2294 371 ef·
2379 344 2386 350 =

210 417 425 496 fugium
455 410 850 470 haereticorum
886 404 1364 489 praecludendum
1383 448 1398 476 ,
1435 406 1623 473 oono.,·
1655 408 1718 463 in
1749 427 1838 477 se,
1884 415 2121 463 trane...
2153 405 2295 464 Non

211 506 568 588 requirenda
589 524 778 562 aurea
813 504 901 559 vel
927 511 1203 580 arqeutea
1232 500 1416 557 clavis
1449 498 1572 575 (uti
1598 499 1858 581 apposite
1880 499 1941 556 in
1965 498 2138 556 simili
2161 519 2295 557 casu

209 600 520 684 reponebat
552 596 882 656 Vincentius
914 593 1117 675 Lupoli
1143 593 1289 672 (l)),
1326 613 1457 670 quoe
1487 594 1803 670 aperiendo
1833 597 1913 650 s'it
1933 596 2164 671 impar5
2190 592 2299 650 de·

210 695 530 756 sideranda
556 696 761 771 ferrea
788 691 1076 748 vel-etiam
1102 689 1300 766 Ziynea
1315 729 1336 757 ,
1385 686 1550 743 modo
1590 687 1675 777 aql
1700 688 2091 765 aperiendum
2131 687 2299 744 clau-

209 791 579 866 dendumque
613 788 824 844 idonea
869 784 1165 842 videatur.
1217 781 1363 839 Cum
1402 781 1596 860 itaque
1627 779 1872 840 formula
1921 779 2043 840 haec
2092 802 2302 862 puram

209 883 384 942 fidem
399 881 705 962 exprimat,
730 879 863 936 satis
889 888 997 951 est,
1016 876 1120 936 etsi
1141 874 1217 934 ad
1234 896 1440 956 puram
1458 873 1717 955 phrasim
1738 895 1859 932 non
1875 875 1949 934 sit
1971 887 2168 934 exacta
2190 876 2299 954 (2).

290 978 388 1036 77.
436 975 523 1034 Ad
545 976 626 1032 2¹¹¹
646 1019 661 1047 a
693 973 845 1051 Ney.
873 974 1005 1030 Haec
1039 971 1197 1028 enim
1230 980 1316 1027 est
1352 989 1510 1027 mera
1536 967 1823 1026 calumnia
1842 1013 1858 1043 ‚
1890 990 1923 1027 a
1950 969 2302 1029 Tridentinis

213 1070 473 1132 Patribus
499 1114 514 1144 ‚
549 1091 685 1128 sess.
732 1067 816 1126 Vl
838 1112 852 1140 .,
899 1065 970 1124 de
995 1065 1400 1142 justificatione
1434 1074 1493 1122 et
1521 1061 1657 1120 alibi
1685 1065 1897 1143 passim
1938 1063 2174 1150 depulsa
2194 1111 2209 1140 ‚
2246 1074 2303 1124 et

211 1189 245 1225 a
283 1186 395 1246 qua
444 1185 549 1221 nos
594 1161 844 1220 liberant
896 1159 1177 1218 doctiores
1215 1159 1325 1239 ipsi
1365 1159 1786 1232 Protestantes'7
1832 1156 2120 1217 Fabricius
2165 1158 2252 1239 (3)
2283 1205 2300 1234 .,

214 1261 440 1319 Grotius
465 1258 573 1337 (4),
597 1256 941 1315 Leibnitzius
971 1254 1200 1335 aliique.
1235 1251 1410 1312 Nobis
1433 1252 1566 1309 satis
1591 1253 1685 1326 sit,
1704 1252 1797 1311 hic
1823 1252 2103 1331 subjicere
2127 1251 2305 1315 verba

175 1371 179 1374 “
211 1353 540 1414 Leibnitzii:
573 1352 865 1421 Interim,
895 1349 1087 1429 inquit
1108 1393 1124 1422 .,
1151 1359 1222 1406 ut
1243 1350 1449 1426 qratia
1486 1350 1860 1406 Sacramentz‘
1893 1353 2304 1428 suscipiatur,

213 1454 486 1509 animam
513 1449 890 1524 suscipientis
929 1445 1068 1502 hene
1095 1447 1473 1501 constitutam
1503 1463 1620 1500 esse
1647 1464 1863 1501 necesse
1890 1453 2010 1517 est,
2053 1464 2126 1501 ne
2159 1443 2302 1501 obea-

205 1554 477 1623 ponatur
490 1566 508 1607 ,·
546 1551 601 1598 et
632 1546 718 1599 ita
746 1538 990 1616 aliquod
1024 1558 1165 1614 opus
1213 1540 1512 1614 operantis
1553 1536 1691 1614 (hoc
1733 1547 1847 1608 est,
1894 1547 2080 1596 status
2119 1541 2298 1596 susci-

206 1636 466 1719 pientis)
508 1646 590 1693 est
610 1636 966 1713 requisitum
999 1635 1190 1711 operis
1218 1635 1449 1709 operati
1475 1628 1582 1709 (5).

281 1853 346 1914 (l)
383 1851 522 1900 Juris
557 1850 740 1899 Ecoles.
785 1818 895 1898 tom.
924 1864 978 1896 111
1001 1885 1014 1908 ‚
1047 1865 1148 1912 cap.
1173 1865 1211 1908 1,

131 1969 136 1977 ..
216 1932 315 1998 §a

286 2015 351 2077 (2)
378 2014 474 2063 Cfr.
495 2014 710 2063 Bellarm.
736 2010 803 2060 De
820 2010 1112 2060 Sacrament.
1127 2010 1211 2059 lib.

218 2113 282 2155 11,
315 2113 420 2160 cap.
469 2112 485 2142 1
517 2132 530 2155 ,
566 2113 616 2142 n.
661 2110 727 2160 93
771 2093 852 2141 ubi
885 2093 1126 2153 observat,
1165 2094 1215 2139 in

218 2175 304 2240 Ep.
327 2177 384 2223 ad
418 2176 558 2224 Hebr·
591 2191 703 2235 xm,
743 2173 799 2223 16
820 2211 832 2232 ‚
870 2185 1027 2221 contra
1065 2191 1206 2237 gram-

217 2259 390 2304 maticae
416 2258 561 2319 legem
606 2258 748 2319 accipi
786 2257 961 2317 passive
980 2270 1214 2317 promere-

215 2345 326 2384 tur:
355 2337 554 2384 Talibus
579 2338 707 2383 euim
731 2334 897 2382 hostiis
918 2343 1216 2399 promeretur

216 2417 379 2477 Deus;
409 2429 452 2466 et
470 2418 521 2467 S.
554 2420 857 2482 Augustinum
889 2417 1105 2464 maluisse
1138 2416 1211 2463 di-

217 2517 316 2548 cere
329 2516 483 2547 ossum
501 2536 512 2559 ,
529 2501 623 2546 ossi
637 2534 650 2555 ‚
675 2516 813 2564 quam
835 2514 903 2559 oa,
927 2498 1069 2557 Ossia,
1085 2507 1136 2544 ut
1154 2496 1215 2543 fa-

179 2584 181 2587 ’
218 2581 349 2629 cilius
381 2581 706 2644 intelligeretur
756 2597 769 2627 ε
815 2576 995 2626 Melius
1035 2588 1134 2638 est,
1164 2586 1216 2624 ut

216 2677 301 2709 ‘nos
320 2660 660 2726 reprehendant
689 2659 1038 2719 Grammatici‚
1066 2675 1210 2724 quam

217 2750 271 2789 ut
295 2758 392 2789 non
415 2741 682 2805 intelliqaut
715 2740 890 2806 populi
928 2739 1126 2803 (Euar.
1158 2742 1215 2788 in

215 2823 309 2872 Pe.
349 2840 546 2871 cxxxviii
569 2825 604 2887 ).
634 2823 804 2870 Mirum
831 2832 926 2882 est,
948 2821 1181 2871 Oberthur
1202 2859 1214 2882 ‚

217 2907 267 2952 in
292 2903 412 2952 Idea
439 2903 631 2953 Biblioa
655 2901 886 2951 Ecclesioe
915 2902 1008 2951 Dei
1030 2939 1043 2962 ,
1076 2903 1216 2951 Salis·-

218 2985 317 3033 baci
335 3023 348 3045 ‚
388 2983 510 3033 1822
531 3022 544 3045 ‚
572 3002 620 3049 p.
645 3002 663 3032 1
681 3022 694 3045 ‚
734 2985 815 3032 ubi
841 2987 930 3049 agit
964 2985 1021 3032 de
1055 2983 1215 3033 Sacra-

219 3069 412 3126 menfis,
443 3068 654 3131 nuspiam
682 3067 842 3114 docere
866 3104 879 3126 ,
919 3064 1213 3115 Sacramenta

221 3151 408 3211 gratiam
440 3149 642 3197 conferre
669 3166 722 3196 ex
743 3142 884 3214 opere
906 3156 1109 3214 operato.
1140 3148 1219 3196 Ast

219 3229 351 3293 plura
388 3227 530 3278 habet
568 3230 644 3277 hic
683 3240 839 3278 auctor
870 3264 887 3289 ,
927 3245 1028 3294 quae
1068 3232 1218 3295 potius

220 3309 567 3358 protestantium
602 3328 740 3376 quam
765 3310 1106 3360 Catholicorum
1133 3312 1216 3360 do-

221 3393 413 3440 ctrinam
431 3407 520 3455 prae
551 3409 597 3440 se
626 3392 738 3441 ferre
771 3393 1001 3440 videntur.

290 3471 351 3536 (3)
367 3471 393 3520 J
397 3490 498 3520 oan.
513 3473 747 3522 Fabricius
761 3476 810 3521 in
830 3472 1219 3524 Consideratione

219 3554 578 3602 controversiar.
621 3571 724 3618 quae
751 3552 1067 3619 Evanqelicos
1095 3559 1221 3604 inter

219 3643 266 3684 et
292 3633 802 3685 Romano-catholicos
851 3636 1235 3703 Reformatoeque

1297 1849 1567 1911 aqitantur,
1597 1848 1872 1896 Helmstadii
1893 1885 1906 1908 ‚
1949 1847 2070 1912 1705
2093 1885 2106 1907 ‚
2133 1851 2183 1897 in
2214 1858 2305 1897 art.

1298 1926 1369 1976 De
1397 1930 1692 1977 Sacrament.
1726 1929 1796 1977 N.
1837 1929 1900 1978 L.
1948 1930 2200 1994 efficientia
2235 1945 2294 1976 ex
2324 1953 2334 1964 ⁴

1297 2025 1432 2074 opere
1466 2018 1673 2074 operato,
1708 2010 1845 2058 relata
1887 2013 2172 2060 accusatione
2185 2009 2306 2059 Con-

1298 2091 1503 2138 fessionis
1539 2090 1730 2156 August.
1790 2102 1877 2140 art.
1927 2093 1982 2140 13
2008 2129 2020 2150 ‚
2086 2092 2306 2140 Kemnitii

1297 2181 1341 2218 et
1370 2171 1588 2219 Gerhardi
1610 2210 1623 2230 .,
1655 2173 1780 2237 quod
1811 2173 2037 2220 Pontificii
2066 2182 2265 2220 asserant
2289 2190 2304 2221 τ

1295 2248 1608 2300 Sacramenta
1652 2252 1806 2299 valere
1859 2261 1904 2299 et
1957 2253 2170 2318 efficacia
2217 2270 2312 2301 ease
2369 2263 2371 2266 '

1299 2334 1400 2379 sine
1428 2333 1545 2380 bono
1581 2341 1711 2380 motu
1741 2335 1945 2396 utenti-⁴13
1976 2335 2179 2400 adeoque
2209 2336 2312 2383 sine

1290 2414 1416 2478 fide,
1450 2416 1620 2479 profert
1649 2415 1803 2480 plures
1864 2419 2101 2480 scriptores
2132 2415 2312 2465 Protes-

1297 2502 1541 2554 testantes‚
1588 2499 1668 2561 qui
1713 2495 1972 2545 Catholicos
2017 2497 2074 2545 ab
2101 2497 2189 2546 hac
2216 2500 2305 2546 cri-

1300 2580 1547 2625 minatione
1565 2588 1759 2642 purgant
1782 2615 1795 2638 ,
1824 2580 1946 2626 inter
1962 2588 2132 2626 ceteros
2150 2581 2304 2643 ipsum

1298 2659 1582 2707 Kemnitium
1603 2696 1616 2718 ‚
1636 2662 1715 2725 qui
1737 2659 1875 2708 tradit
1896 2659 2015 2708 hanc
2032 2664 2304 2710 senteutiam

1299 2758 1395 2789 esse
1430 2740 1745 2804 quorumdam
1786 2741 2005 2789 duntaxat
2048 2740 2300 2789 Scholasti-

1301 2838 1463 2870 corum
1481 2858 1494 2881 ‚
1525 2822 1775 2870 Callixtum
1797 2860 1810 2881 ‚
1855 2823 2117 2871 Fabricium
2136 2859 2150 2884 ‚
2177 2822 2303 2872 Dan—

1299 2904 1438 2952 haver
1455 2940 1467 2962 ‚
1495 2902 1794 2969 Carpzovium
1816 2939 1831 2967 ,
1871 2905 1906 2951 F
1909 2905 2138 2953 orbesium
2159 2940 2174 2961 ‚
2206 2915 2295 2955 etc.

1301 3003 1353 3034 ac
1383 2989 1578 3050 ingenue
1605 2987 1770 3035 fatetur
1788 3022 1801 3045 ‚
1836 2995 1939 3051 post
1967 2986 2118 3035 datam
2150 2986 2302 3035 decla-

1303 3069 1525 3116 rationem
1553 3068 1777 3132 Alphonsi
1813 3078 1859 3116 et
1886 3067 2154 3117 Bellarmini
2176 3068 2303 3116 illam

1301 3149 1504 3213 phrasim
1529 3150 1706 3197 admitti
1738 3167 1866 3214 posse
1883 3187 1897 3210 ‚
1929 3165 2013 3197 nec
2030 3149 2174 3199 ullam
2200 3167 2300 3199 am-

1303 3231 1424 3295 plius
1448 3248 1678 3295 superesse
1698 3233 2074 3280 controversiam.

1371 3313 1439 3376 (4)
1470 3310 1703 3360 Adnotat.
1751 3313 1815 3361 ad
1844 3312 2047 3361 consult.
2088 3295 2320 3362 Cassan-⁸

1305 3393 1418 3451 dri,
1445 3403 1528 3441 art.
1561 3409 1667 3441 1111.

1300 3498 1302 3500 v
1368 3473 1444 3537 (ὅ)
1477 3472 1535 3522 In
1564 3472 1766 3538 System.
1817 3473 2040 3540 Theoloq.
2074 3487 2301 3543 pag-¹212

1305 3566 1350 3606 et
1372 3573 1504 3623 seqq.
1956 3589 1961 3594 --
2262 3572 2265 3575 '
