2430 4056
487 211 641 249 PAR-r.
689 213 731 248 1.
777 211 896 248 cn.
937 209 996 249 v.
1043 212 1110 247 mi
1152 212 1369 250 caum:
1403 212 1836 252 msrmntmonn.
2089 192 2204 252 173

139 348 324 407 solum
347 350 573 429 offerret
594 350 832 429 gratiam
852 395 869 424 7
886 371 1059 431 quam
1078 361 1273 410 tamen
1294 351 1480 432 reipsa
1506 373 1624 410 non
1639 356 1930 431 conferret
1943 396 1959 426 7
1976 350 2201 411 homini

138 441 406 503 illuderet
433 488 449 518 7
490 464 610 502 non
642 453 836 502 autem
868 445 1058 525 ipsum
1091 444 1416 524 adjuvaret7
1447 445 1601 526 quod
1640 445 1733 507 vel
1759 446 1932 506 etiam
1957 446 2203 526 cogitare

139 534 452 597 absurdum
485 547 592 596 est.
622 536 724 595 His
748 538 945 618 positis
966 583 982 613 7
1019 538 1093 597 sit

924 701 1321 756 PROPOSITIO
1377 702 1421 754 Ι.

137 812 329 871 Iuste}
361 813 629 871 omnihus
641 855 663 884 ,
695 818 1034 893 praesertim
1075 834 1206 871 vero
1248 814 1568 873 volentibus
1601 824 1655 872 et
1685 816 2037 874 conantibus
2060 859 2083 886 ,
2113 838 2210 875 ur-

210 915 376 983 gente
415 917 703 985 prcecepto
721 953 736 982 7
764 909 950 967 datu-r
967 929 1008 966 a
1034 909 1155 966 Deo
1177 911 1380 986 qratia
1401 927 1528 967 vere
1551 927 1622 965 ac
1653 909 1891 966 relative
1920 909 2208 986 sufficiens

218 999 304 1056 ad
338 1002 630 1061 servanda
673 1007 876 1061 omnia
908 1011 1225 1081 praecepta.
1339 1009 1341 1011 ’

220 1131 359 1192 373.
400 1136 484 1194 De
515 1136 629 1194 fide
662 1147 748 1195 est
786 1136 904 1195 haec
938 1135 1250 1216 propositio
1301 1133 1572 1194 adversus
1616 1135 1955 1194 Jansenium
1990 1182 2005 1210 7
2045 1143 2200 1215 cujus

137 1228 451 1308 propositio
470 1232 514 1286 1²
544 1252 558 1287 ι
589 1231 814 1309 Aliqua
835 1240 1130 1308 proecepta
1150 1273 1165 1302 7
1198 1239 1322 1303 etc,
1346 1227 1616 1286 damnata
1648 1240 1734 1286 est
1752 1240 1817 1286 ut
1837 1230 2130 1289 haeretica.

219 1321 351 1380 374.
405 1325 488 1381 Ita
527 1345 700 1405 porro
735 1309 805 1383 ex
835 1323 1135 1404 Scripturis
1163 1321 1497 1380 catholicam
1524 1323 1826 1381 veritatem
1847 1324 2163 1382 evincimus
2191 1347 2205 1382 ε

139 1416 474 1497 Apostolus7
514 1419 538 1475 Ι
589 1419 717 1476 Cor.
762 1420 833 1492 X7
882 1417 989 1491 137
1030 1416 1101 1475 de
1138 1416 1305 1493 justis
1342 1415 1537 1474 scribit
1569 1438 1581 1472 :
1623 1417 1844 1474 Fidelis
1888 1420 2049 1476 Deus
2079 1429 2205 1489 est,

135 1515 247 1588 qui
277 1531 395 1568 non
422 1515 696 1590 patietur
729 1532 822 1570 vos
851 1516 1075 1569 tentari
1107 1532 1294 1589 supra
1337 1512 1407 1567 id
1427 1555 1442 1582 7
1477 1510 1636 1588 quod
1662 1516 1937 1588 potestz'33
1978 1514 2079 1569 sed
2109 1517 2215 1591 fa-

118 1608 247 1662 ‘ciet
269 1625 406 1663 cum
433 1610 744 1664 tentatione
765 1616 1112 1685 proventum
1140 1650 1155 1678 7
1184 1615 1255 1661 ut
1268 1609 1505 1683 possitis
1528 1607 1834 1661 sustinere.
1879 1606 2051 1684 Atqui
2082 1627 2213 1666 vera

137 1697 259 1756 haec
291 1697 527 1757 minime
557 1709 748 1757 essent
776 1745 791 1774 7
828 1698 937 1756 nisi
968 1701 1116 1756 Deus
1141 1700 1308 1774 justis
1341 1708 1548 1778 praesto
1577 1709 1724 1755 esset
1765 1698 1943 1776 gratia
1973 1720 2071 1756 sua
2107 1721 2210 1757 ur·-

136 1802 303 1870 gente
341 1803 641 1873 praeceptO.
683 1792 805 1850 Huc
840 1793 1057 1872 pariter
1102 1792 1430 1850 referuntur
1480 1791 1655 1851 verba
1698 1792 1863 1849 Eccli.
1923 1793 2041 1865 XV,
2080 1794 2150 1850 16
2199 1840 2212 1851 .

135 1884 479 1943 Sz'volueris
518 1887 809 1943 mandata
849 1907 1110 1960 servare,
1150 1887 1578 1944 conservabunt
1620 1895 1689 1942 te.
1743 1887 1863 1943 Imo
1901 1897 1958 1943 et
1994 1886 2206 1945 Christi

136 1979 348 2059 ipsiu8,
377 1979 582 2037 Matth.
609 1980 693 2036 XI
724 2024 738 2053 7
779 1979 854 2036 30
882 2024 898 2052 7
946 1979 1085 2037 dum
1133 1979 1277 2036 dixit
1309 2003 1322 2036 τ
1366 1981 1597 2057 Juqum
1637 2001 1834 2036 meam
1872 2002 2049 2038 suave
2089 1992 2210 2051 est,

135 2085 191 2132 et
226 2096 374 2132 onas
407 2096 603 2132 ‘meum
637 2076 780 2147 leve3
815 2078 838 2131 I
872 2077 1038 2133 Joan.
1077 2076 1154 2147 V7
1192 2074 1227 2132 3
1264 2097 1276 2132 ε
1322 2075 1619 2134 Mandata
1674 2081 1797 2152 ejus
1826 2083 2047 2154 yravz'a
2092 2099 2210 2135 non

100 2158 104 2161 ⁷
139 2179 299 2226 sunt.
348 2169 480 2226 Hoec
535 2177 726 2226 autem
761 2213 776 2240 7
836 2167 1041 2249 quibus
1101 2168 1347 2227 suavitas
1397 2189 1459 2226 ac
1518 2168 1754 2227 facilitas
1808 2170 2209 2229 mandatorum

139 2262 465 2322 divinorum
499 2261 970 2336 commendatur7
1016 2263 1127 2321 nisi
1164 2262 1367 2321 saltem
1407 2263 1467 2320 in
1501 2263 1669 2340 justis
1710 2284 1844 2322 vera
1885 2276 2109 2337 essent7
2147 2266 2208 2322 in

31 2429 47 2443 ι
113 2356 298 2415 »nullo
335 2354 444 2414 alio
475 2355 661 2413 locum
697 2354 1000 2414 haberent.
1053 2358 1183 2414 Jam
1234 2377 1369 2414 vero
1408 2359 1571 2433 juxta
1614 2356 1765 2436 ipsos
1814 2357 2164 2416 adversarios
2192 2403 2208 2433 7

136 2450 312 2531 gratia
349 2471 466 2509 non
493 2448 812 2530 opitulante
832 2494 847 2522 7
873 2459 1156 2530 praecepta
1179 2450 1281 2507 Dei
1313 2471 1432 2506 non
1455 2448 1626 2506 modo
1660 2449 1805 2509 levia
1833 2472 1949 2508 non
1982 2464 2172 2510 essent
2190 2496 2206 2525 7

138 2545 236 2604 sed
267 2542 879 2624 prorsusimpossibilia
898 2541 1389 2614 evaderent30um
1419 2554 1615 2601 tamen
1644 2544 1995 2602 contrarium
2010 2545 2083 2603 de
2106 2547 2208 2605 Dei

142 2639 438 2718 praeceptis
460 2638 518 2700 in
538 2637 841 2718 Scripturis
857 2658 1088 2717 prorsus
1104 2635 1458 2717 praedicetur,
1479 2648 1816 2714 argumento
1838 2649 1923 2694 est
1940 2638 2214 2698 inelucta-

139 2730 241 2789 bili
263 2775 279 2803 7
295 2731 496 2790 saltem
519 2732 688 2808 justis
705 2752 822 2788 non
840 2731 1034 2788 deesse
1057 2731 1295 2808 gratiam
1318 2775 1332 2803 7
1364 2752 1472 2810 qua
1493 2729 1777 2810 possibilia
1795 2732 1936 2790 fiant
1960 2732 2205 2792 aclevia.

221 2823 358 2883 375.
405 2827 534 2884 Non
558 2826 748 2883 minus
769 2823 927 2883 facile
955 2823 1071 2882 haec
1097 2823 1296 2883 eadem
1321 2825 1530 2883 veritas
1566 2845 1636 2882 ex
1672 2826 1728 2882 S.
1760 2825 2072 2903 Augustino
2104 2826 2212 2884 ad-

140 2919 412 2991 struitur7
444 2921 604 2996 cujus
643 2918 821 2978 verba
867 2918 991 2976 haec
1026 2928 1161 2975 sunt
1196 2943 1212 2976 ε
1259 2920 1420 2978 Deus
1434 2960 1458 2988 ,
1506 2939 1641 2975 cum
1668 2939 1785 2996 per
1831 2920 2211 2977 mediatorem

140 3013 259 3074 Dei
280 3023 334 3070 et
366 3013 672 3071 hominum
702 3016 996 3072 hominem
1023 3013 1231 3071 Jesum
1275 3012 1577 3070 Christum
1608 3012 2009 3089 spiritualiter
2038 3023 2215 3070 sanat

141 3126 369 3191 oeyrum
383 3148 405 3177 ‚
423 3108 511 3165 vel
529 3107 786 3183 vivifica-t
804 3116 1105 3165 mortuum
1123 3150 1139 3179 7
1163 3106 1234 3185 id
1243 3116 1353 3179 est,
1361 3105 1661 3182 justificat
1687 3108 1946 3183 impiam
1966 3150 1981 3179 7
1997 3117 2051 3163 et
2073 3128 2209 3165 cum

142 3203 228 3260 ad
249 3203 570 3280 perfectam
593 3206 907 3262 sanitatem
921 3244 938 3276 7
961 3201 1064 3259 Ιιοο
1089 3210 1173 3259 est
1194 3245 1210 3274 7
1235 3201 1320 3258 ad
1335 3202 1658 3277 perfectam
1686 3202 1865 3257 vitam
1873 3205 2212 3277 justitiam-

141 3316 253 3374 que
276 3295 660 3374 perduaerit7
691 3316 804 3354 non
847 3296 1092 3371 deserit,
1135 3299 1192 3352 si
1229 3316 1348 3352 non
1389 3294 1731 3363 deseratur,
1769 3303 1837 3351 ut
1857 3298 1962 3372 pie
1989 3316 2215 3375 semper

140 3395 404 3467 justeque
425 3391 663 3447 vivat-m·
681 3388 790 3469 (l).
835 3389 904 3446 Et
939 3386 1076 3446 alibi
1102 3387 1350 3447 fidenter
1390 3387 1705 3465 interrogat
1737 3407 1753 3445 τ
1797 3388 1876 3447 Te
1897 3393 2042 3466 jam
2065 3395 2211 3468 jus-—

142 3495 274 3542 tum
314 3503 385 3542 eat
423 3483 540 3560 fide
579 3486 863 3540 viventem
915 3483 1164 3561 neylzyet
1183 3524 1207 3553 ,
1261 3481 1476 3539 deseret
1498 3525 1515 3555 7
1565 3479 1871 3542 dimittet?
1912 3483 2042 3543 Imo
2083 3504 2210 3542 vero

206 3631 278 3697 (l)
313 3631 415 3680 Lib.
442 3646 479 3681 ι.
511 3629 590 3679 De
617 3637 783 3687 meat
799 3638 921 3695 μοι,
943 3646 1046 3694 cap.
1080 3645 1126 3678 2.
