2540 4074
551 205 708 244 mm.
757 184 798 240 1:
843 201 962 242 οη.
1007 204 1072 240 11.
1121 204 1188 240 nn
1232 203 1452 241 onum
1495 198 1873 240 accessu-Ani.
2181 174 2255 235 41

171 344 451 405 sanationi
487 353 847 424 exponerent
867 338 886 415 ς’
910 353 971 401 at
1006 364 1124 401 non
1167 343 1366 402 asserit
1386 388 1401 415 ,
1442 339 1805 424 eOS,'quibus
1835 335 2129 403 debebant
2151 359 2260 397 an-

172 440 448 518 nunciare
483 436 751 496 eamdem
791 425 1113 496 doctrinam
1147 482 1163 512 ,
1195 436 1348 495 illius
1379 435 1579 516 dignos
1619 436 1788 495 fuisse
1825 434 2000 492 factos
2044 432 2262 494 virtute

172 534 422 617 propria.
465 533 568 591 Dei
604 532 760 592 enim
812 531 986 590 solius
1022 544 1109 592 est
1147 554 1217 592 ex
1259 531 1511 611 indignis
1545 532 1748 612 dignos
1784 531 1984 589 facere.
2030 529 2112 588 Ex
2149 549 2263 611 quo

172 628 387 711 pariter
429 625 672 686 solvitur
698 671 713 699 ‚
758 625 915 707 quod
943 637 1236 708 postremo
1273 626 1397 685 loco
1439 627 1801 707 propositum
1829 635 1935 684 est.

254 719 352 778 80.
377 718 507 797 Obj.
528 718 798 779 secunda.
822 720 990 779 Plura
1012 731 1333 801 suppetunt
1351 742 1422 780 ex
1439 721 1746 801 Scripturis
1760 717 2024 800 exempla
2041 738 2262 793 eorum,

173 816 270 897 qui
303 815 549 897 propriis
585 814 802 875 viribus
837 837 958 875 sese
996 815 1072 874 ad
1107 816 1283 874 fidem
1323 815 1729 896 disposuerunt
1758 826 1931 894 atque
1972 835 2101 872 eam
2137 834 2267 894 pro-

176 920 536 968 meruerunt.
582 910 645 967 1ο
686 909 932 968 Illustria
973 921 1110 968 sunt
1149 909 1412 990 exempla
1454 908 1740 982 Zacchaei‚
1783 909 1926 967 Boni
1965 908 2262 982 Latronis,

173 1004 570 1077 Centurionis3
607 1005 705 1085 qui
735 1015 832 1063 aut
868 1003 1148 1062 desiderio
1190 1003 1487 1062 Christum
1531 1002 1798 1075 videndi,
1845 1013 1944 1060 aut
1984 1023 2084 1059 sua
2127 1022 2267 1059 con-

175 1097 450 1173 fessione,
490 1099 678 1158 suisve
722 1097 1074 1157 orationibus
1115 1108 1174 1156 et
1215 1097 1591 1177 eleemosynis
1627 1098 1804 1155 fidem
1840 1107 1900 1155 et
1942 1095 2270 1155 conversio-

173 1214 310 1252 nem
349 1194 652 1275 promeriti
690 1203 843 1252 sunt.
900 1193 1003 1251 His
1050 1191 1185 1250 addi
1232 1203 1426 1273 potest
1464 1190 1610 1250 alter
1650 1191 1959 1263 CenturiO,
2006 1188 2077 1248 de
2116 1211 2266 1270 quo7

174 1286 383 1345 Matth.
430 1289 589 1361 VIII,
629 1286 739 1359 10,
772 1286 852 1344 ait
905 1285 1164 1344 Christus
1215 1309 1226 1343 :
1270 1286 1411 1345 Non
1459 1291 1670 1344 inveni
1705 1295 1936 1343 tantam
1975 1285 2156 1361 fidem
2200 1288 2271 1341 in

174 1382 386 1441 Israel.
419 1382 585 1455 Quod
629 1383 676 1440 si
702 1381 852 1440 hanc
884 1381 1059 1440 fidem
1098 1403 1168 1441 ex
1211 1382 1315 1440 Dei
1358 1382 1537 1461 gratia
1579 1392 1914 1440 consecutus
1944 1390 2092 1438 esset
2124 1379 2270 1437 Cen*

176 1477 328 1535 turio
350 1523 365 1550 ‚
398 1477 639 1535 miratus
673 1498 802 1535 eam
829 1498 950 1534 non
982 1487 1132 1535 esset
1173 1476 1433 1535 Christus
1456 1520 1479 1548 ,
1518 1497 1581 1534 ac
1619 1476 1805 1534 dicere
1833 1475 2022 1556 potius
2046 1472 2273 1531 debuis-

121 1570 122 1573 ’
177 1580 265 1629 set
304 1592 317 1626 z
350 1571 492 1629 Non
528 1572 667 1628 dedi
704 1582 936 1629 tantam
964 1572 1140 1649 fidem
1174 1575 1242 1629 in
1280 1572 1491 1630 Israel.
1526 1572 1594 1628 20
1636 1574 1884 1629 Demum
1921 1568 2075 1627 aliud
2102 1568 2274 1644 hujus

179 1664 263 1724 rei
303 1663 821 1723 luculentissimum
855 1665 1188 1746 exemplum
1226 1665 1446 1746 praebet
1491 1665 1714 1741 David,
1747 1665 1900 1746 qui,
1950 1676 2016 1722 ut
2065 1663 2276 1742 legitur

175 1759 255 1816 Ill
293 1760 428 1837 Reg.
483 1760 746 1834 V111‚17
786 1782 799 1816 :
862 1761 1060 1818 Voluit
1102 1762 1395 1837 aedz'fi'oare
1442 1763 1684 1819 domum
1735 1763 1975 1818 nomini
2021 1761 2280 1817 Domini

169 1853 291 1910 Dea·
311 1852 508 1911 Israe‘l
524 1897 539 1924 .,
573 1864 628 1910 et
651 1857 743 1910 ait
772 1855 1074 1912 Dominus
1105 1856 1190 1912 ad
1207 1856 1505 1913 David...
1541 1856 1709 1933 Quod
1726 1858 1997 1934 ooyz'tasti
2019 1858 2089 1911 in
2108 1852 2279 1911 corde

170 1955 270 2003 tuo
323 1946 615 2030 (edificare
663 1948 908 2005 domum
959 1952 1198 2006 nomini
1236 1971 1392 2024 meo,
1450 1950 1591 2008 hene
1634 1953 1837 2028 fecisti
1860 1994 1875 2023 7
1933 1950 2035 2006 hoo
2074 1952 2277 2026 ipsum

100 2099 104 2102 ,
172 2051 360 2098 mente
375 2051 775 2120 pertractans.
791 2095 794 2098 ,
811 2044 1234 2104 Verumtamen
1252 2055 1317 2102 tu
1340 2066 1460 2103 non
1485 2046 1808 2122 (edificabis
1838 2045 1993 2103 mila·
2005 2044 2268 2100 domum.

174 2136 320 2197 Jam
343 2158 480 2196 vero
511 2137 631 2196 haec
665 2139 928 2217 cogitatio
958 2140 1214 2221 profecto
1247 2138 1399 2198 bona
1425 2141 1533 2198 fuit
1558 2185 1578 2211 ,
1626 2162 1753 2199 cum
1783 2162 1910 2198 eam
1938 2142 2088 2198 Deus
2116 2159 2276 2197 com-

174 2229 578 2305 mendaverit3
617 2254 724 2292 nec
757 2245 955 2293 tamen
990 2256 1022 2292 a
1058 2236 1177 2294 Deo
1198 2235 1307 2293 fuit
1329 2279 1345 2308 ‚
1370 2234 1622 2317 alioquin
1655 2237 1807 2294 Deus
1832 2256 1953 2294 non
1976 2234 2276 2296 avertisset

176 2324 445 2384 effectum
473 2325 580 2405 (l).
624 2328 789 2407 Ergo.

256 2419 353 2479 81.
395 2423 564 2502 Resp.
600 2422 750 2500 Ney.
778 2434 904 2481 ant.
928 2425 1016 2484 Ad
1043 2426 1118 2483 lm
1140 2426 1304 2505 prob.
1331 2426 1480 2506 Ney.
1508 2426 1630 2487 haec
1650 2439 1749 2486 aut
1773 2427 2008 2503 similia,
2034 2449 2160 2510 quae
2187 2427 2278 2485 af-

178 2514 312 2573 ferri
344 2527 620 2596 possent,
658 2517 924 2598 exempla
953 2539 1153 2578 eorum
1173 2565 1190 2596 ,
1232 2521 1333 2602 qui
1355 2520 1429 2580 ad
1454 2521 1628 2580 fidem
1653 2524 1914 2582 conversi
1946 2533 2083 2580 sunt
2112 2567 2128 2594 ‚
2155 2519 2281 2579 abs>-

184 2629 296 2688 que
337 2612 728 2691 praeveniente
761 2614 866 2671 Dei
903 2615 1082 2692 gratia
1118 2617 1307 2675 fuisse.
1346 2618 1492 2675 Nam
1522 2621 2005 2695 mam‘fhstz'ssime
2034 2618 2280 2675 creden-

180 2703 329 2760 dum
364 2717 475 2777 est,
523 2706 720 2788 inquit
764 2709 978 2768 Concil.
1019 2711 1216 2770 Araus,
1262 2713 1423 2790 quod
1463 2722 1517 2769 ot
1561 2714 1727 2770 illius
1765 2715 2052 2785 latronis7
2103 2732 2278 2791 quom

180 2798 477 2858 Dominus
491 2803 575 2859 ad
585 2804 875 2881 paradisi
878 2810 1153 2882 patriam
1174 2811 1491 2881 revocavit,
1510 2818 1562 2865 et
1582 2808 1844 2866 Cornelii
1859 2808 2239 2866 Centurionis
2255 2852 2271 2881 .,

181 2893 266 2949 ad
298 2914 471 2971 quem
511 2896 775 2977 Anyelus
822 2900 1081 2959 Domini
1117 2906 1335 2960 missus
1384 2913 1496 2975 estg
1541 2913 1594 2960 et
1628 2903 1907 2980 Zaohaei,
1941 2906 2051 2980 qui
2077 2906 2280 2980 ipsum

182 2986 517 3047 Dominum
559 2997 824 3071 aoczjoere
853 2998 1111 3067 meruit,
1153 2997 1261 3054 illa
1288 3007 1410 3055 tam
1440 2998 1828 3055 admirabilis
1841 2997 1988 3074 fides
2011 3017 2128 3054 nou
2150 2999 2283 3074 fuit

182 3080 252 3136 de
293 3092 517 3141 natura
542 3127 563 3155 ,
617 3088 720 3144 sed
755 3088 980 3146 dz'vinoe
1015 3095 1234 3169 yratz'oe
1277 3093 1550 3170 laryitate
1592 3092 1812 3159 donata
1869 3090 2280 3171 (2).1dipsum

184 3172 297 3231 dici
330 3173 503 3235 debet
532 3177 604 3238 de
634 3173 821 3240 altero
849 3183 1235 3259 Centurione3
1263 3190 1420 3263 cujus
1443 3186 1617 3244 fidem
1640 3185 1687 3244 si
1710 3186 1951 3246 miratus
1980 3198 2067 3246 est
2091 3186 2280 3246 Chris-

176 3335 178 3337 ’
251 3335 315 3397 (l)
355 3335 460 3384 Haec
477 3337 658 3404 aliaque
671 3344 896 3407 ejusmodi
922 3360 1016 3393 non
1044 3363 1185 3409 pauca
1267 3349 1410 3395 curiis
1421 3347 1492 3396 D.
1513 3346 1695 3397 Alardi
1712 3349 1901 3410 Gazoei,
1920 3351 2020 3398 ord.
2038 3350 2084 3399 S.
2102 3350 2274 3399 Bened.

183 3427 314 3480 urget
333 3416 605 3478 Cassianus,
639 3421 803 3471 Collae.
833 3440 951 3485 xm,
971 3444 1073 3492 cap.
1106 3442 1182 3476 12.
1269 3428 1413 3477 Paris.
1455 3427 1598 3491 1642.

184 3497 410 3547 Adversus
450 3518 587 3565 quem
632 3506 808 3568 scripsit
850 3506 902 3556 S.
955 3507 1183 3573 Prosper,
1333 3510 1403 3574 (2)
1439 3509 1553 3559 Can.
1609 3529 1696 3559 xxv
1757 3511 1879 3576 apud
1927 3513 2221 3562 Harduinum
2263 3549 2278 3573 ,

182 3595 419 3645 suppresso
439 3591 591 3631 tamen
617 3601 697 3632 suo
733 3589 936 3636 nomine.
962 3590 1057 3637 Cfr.
1077 3592 1186 3639 edit.
1270 3590 1362 3640 loc.
1398 3594 1478 3641 cit.
1513 3592 1604 3641 col.
1650 3608 1793 3654 1‘102.

189 3657 321 3734 Opp.
355 3660 585 3712 Cauiani
602 3680 711 3713 cum
724 3669 851 3716 notis
881 3677 928 3716 et
952 3686 1185 3721 commen·
1278 3684 1280 3687 ·
