2430 4056
2061 197 2173 258 175

456 223 617 264 PAR-r.
666 224 703 260 1.
748 219 870 260 car.
917 218 977 259 v.
1023 219 1089 255 m:
1133 215 1346 257 curia».
1385 192 1810 256 msrninurxomz.

109 363 282 423 larius
304 363 416 448 'qui
455 362 733 433 affirmat,
779 359 968 439 ipsum
1005 379 1119 416 non
1157 361 1413 436 potuisse
1451 362 1638 416 vitare
1671 360 1911 438 culpam
1945 357 2078 439 (l);
2117 368 2176 419 et

115 459 173 516 S.
202 460 372 517 Joan.
402 455 692 534 Chrysost.
723 452 820 533 qui
839 451 1060 509 scribit:
1081 452 1329 532 Neqatz‘o
1352 453 1517 510 Petri
1547 474 1664 511 non
1683 464 1805 511 tam
1836 463 1963 511 erat
1985 473 2175 511 socor-

110 553 228 609 dioe
251 563 304 609 et
338 550 699 628 neyliyentzoe
719 574 753 619 ,v
774 548 954 623 quam
992 567 1061 604 eat
1093 566 1152 603 eo
1178 546 1337 624 quod
1358 547 1519 604 Deus
1547 567 1680 604 eum
1715 548 2047 605 deseruerat
2069 545 2172 626 (2).

111 644 221 703 Sed
261 663 379 724 proe
421 640 619 699 ceteris
669 641 725 698 S.
769 640 1146 717 Augustinus,
1201 643 1355 716 cujus
1405 638 1581 699 verba
1632 640 1941 699 decretoria
1980 636 2168 707 sunt:

119 738 388 815 Quidest
409 734 573 791 homo
595 778 610 807 .‚
640 732 863 812 inquit,
893 738 1018 793 sine
1035 737 1237 810 qratia
1259 734 1370 790 Dei
1399 777 1414 806 .,
1442 738 1568 790 πίει·
1596 735 1753 811 quod
1765 737 1896 810 fait
1920 739 2170 805 Petrus,

110 850 247 904 cum
277 836 512 917 nequiret
541 826 840 885 Christum
873 825 1004 905 (3)?
1031 817 1193 897 Quod
1222 846 1370 905 saepe
1415 825 1549 883 alias
1579 828 1812 906 repetit.
1855 829 2013 905 Erg0.

191 922 325 981 378.
369 924 537 1001 Resp.
578 923 729 979 Dz'st.
788 931 973 980 antec.
1019 922 1086 977 Et
1129 922 1327 977 Petrus
1379 930 1502 976 erat
1544 939 1613 976 ex
1641 922 1810 996 justis
1861 919 2173 979 humilibus

107 1013 430 1076 volentibus
447 1025 504 1072 et
529 1013 864 1071 conantibus
885 1058 900 1086 .‚
929 1023 994 1070 ut
1020 1012 1364 1092 supponitur
1385 1011 1445 1067 in
1468 1013 1854 1091 propositione
1881 1015 1915 1070 J
1919 1014 2166 1086 ansenii,

109 1131 266 1189 ne9.;
301 1120 422 1167 erat
447 1130 514 1167 ex
545 1108 611 1165 iis
643 1110 742 1188 qui
767 1107 1008 1165 nimium
1039 1107 1286 1185 propriis
1318 1104 1533 1165 viribus
1556 1149 1572 1179 ,
1601 1109 1934 1164 constantiae
1972 1128 2035 1165 ac
2071 1108 2173 1165 fir·-

108 1203 294 1262 mitati
313 1195 440 1259 ⁴suae
469 1202 765 1258 confidunt
787 1245 802 1274 .,
837 1221 995 1257 conc.
1024 1199 1217 1257 Talem
1237 1210 1429 1256 autem
1461 1202 1693 1257 Petrum
1717 1201 1884 1258 fuisse
1904 1245 1919 1274 .,
1946 1212 2070 1258 tum
2106 1222 2175 1258 ex

108 1296 395 1375 Scriptura
424 1306 549 1352 tum
589 1316 657 1353 ex
694 1293 952 1351 adductis
993 1295 1230 1350 Patrum
1274 1294 1611 1350 testimoniis
1658 1293 1886 1352 abunde
1926 1305 2167 1353 constat.

107 1391 277 1450 Extra
311 1410 536 1448 causam
576 1389 745 1466 igitur
785 1388 842 1444 S.
877 1388 1027 1446 Petri
1057 1385 1388 1467 exemplum
1415 1387 1667 1446 affertur.
1699 1390 1969 1469 Apposite
1993 1412 2175 1470 prop-

107 1494 261 1542 terea
295 1483 480 1541 aiebat
502 1481 573 1539 de
610 1484 776 1539 Petro
808 1482 862 1538 S.
888 1481 1232 1558 Augustinus
1255 1524 1272 1552 7
1308 1484 1464 1557 cujus
1490 1483 1823 1539 auctoritate
1858 1482 1998 1540 adeo
2023 1483 2175 1541 abu—

110 1587 313 1634 tuntur
336 1575 666 1635 Janseniani
694 1596 706 1631 :
746 1575 891 1653 Quis
933 1579 1092 1631 enim
1119 1575 1517 1644 dubitaverit,
1562 1577 1785 1652 quod...
1828 1578 2044 1635 Petrus
2068 1622 2084 1650 7
2118 1583 2176 1635 si

109 1673 406 1743 voluisset,
453 1681 540 1727 ter
578 1671 907 1728 Dominum
949 1688 1066 1725 non
1108 1679 1364 1746 neyasset
1385 1666 1513 1747 (4)?
1551 1670 1726 1741 Nam,
1766 1668 1905 1726 dum
1942 1691 2001 1727 se
2041 1692 2174 1750 per—

111 1763 330 1822 culsum
364 1762 578 1835 sensit,
618 1761 902 1842 deponere
939 1761 1127 1841 potuit
1170 1762 1374 1819 mentis
1407 1773 1692 1821 tumorem
1717 1806 1732 1835 ,
1784 1773 1842 1821 et
1876 1766 1992 1821 Deo
2045 1785 2175 1822 cum

107 1857 388 1938 propheta
442 1857 627 1915 dicere
677 1877 688 1913 :
742 1857 1001 1932 Aasjzctor
1030 1877 1189 1913 meus
1226 1867 1372 1928 estc,
1412 1878 1483 1913 ne
1525 1859 1901 1935 derelinquas
1944 1880 2034 1915 me
2059 1859 2169 1939 (5).

109 1951 251 2027 Ergo
277 1954 443 2026 juxta
475 1951 530 2007 S.
556 1949 934 2026 Augustinum
968 1947 1266 2006 derelictus
1294 1949 1402 2005 fuit
1445 1951 1645 2007 Petrus
1690 1949 1763 2007 ob
1803 1952 2013 2009 mentis
2062 1973 2175 2010 suae

103 2179 247 2243 coePit
265 2192 380 2242 opus
395 2175 566 2223 bonum
585 2212 598 2233 ‚
635 2176 704 2221 ita
721 2174 936 2239 perficiet
951 2210 964 2234 ‚
990 2190 1096 2240 ope-

106 2249 226 2307 rans*
249 2257 358 2306 celle
375 2265 419 2304 et
430 2257 672 2322 perficere.
699 2254 808 2319 Quis
834 2256 931 2303 haec
963 2257 1097 2303 verba

105 2341 162 2389 ad
199 2328 389 2404 gratiam
441 2337 721 2384 habitualem
773 2336 1042 2400 detorqueat
1074 2339 1096 2382 ⁸?

109 2420 260 2468 Gratia
282 2420 359 2467 illa
380 2455 392 2478 ,
421 2435 508 2482 qua
537 2417 659 2464 Deus
680 2451 694 2477 ‚
730 2418 816 2462 nisi
845 2416 975 2462 illam
1015 2415 1096 2462 ab·

102 2503 313 2568 jiciamus
333 2536 347 2559 ,
393 2508 601 2563 operatur
647 2496 762 2544 velle
788 2505 831 2543 et
860 2497 1094 2560 perficere,

108 2592 176 2630 est
194 2583 331 2646 gratia
352 2595 538 2644 operans
551 2589 592 2626 et
609 2593 849 2641 cooperans
868 2612 884 2637 ,
904 2578 1098 2641 ideoque

110 2662 323 2717 actualis,
363 2670 408 2709 et
434 2678 527 2708 non
568 2658 827 2706 habitualis.
865 2657 962 2708 Csr.
1003 2657 1097 2705 De-

110 2742 316 2806 champs‚
332 2757 406 2805 op.
423 2744 502 2788 cit.
519 2740 599 2787 lib.
620 2756 673 2797 11,
691 2739 804 2802 disp.
821 2754 915 2798 vm,
934 2754 1029 2802 cap.
1051 2737 1095 2785 3.

180 2824 244 2887 (l)
284 2821 398 2886 Cap.
429 2821 491 2869 32
518 2824 566 2869 in
593 2820 755 2868 Matth.
783 2836 830 2865 n.
857 2816 907 2880 4.

139 2936 144 2949 .
177 2903 250 2969 (2)
285 2903 431 2951 Hom.
458 2918 560 2950 xxxt
588 2903 644 2949 in
671 2899 827 2964 Epist.
847 2898 911 2946 ad
937 2896 1092 2947 Hebr.

112 3002 163 3032 n.
187 2983 236 3033 3.
383 3023 385 3025 .
503 3020 505 3022 -
1028 3012 1031 3014 -

178 3064 245 3129 (3)
277 3063 432 3111 Serm.
469 3062 688 3111 cxxlv.de
721 3061 889 3127 Temp.
928 3079 976 3107 n.
1021 3077 1062 3108 1.

178 3145 243 3207 (k)
278 3145 384 3192 Lib.
421 3142 492 3192 De
514 3145 638 3191 unit.
666 3141 852 3191 Eccles.
886 3159 987 3206 cap.
1008 3157 1081 3206 9.-

182 3226 244 3288 (5)
281 3225 452 3274 Passim
497 3224 548 3272 S.
598 3223 874 3288 Augustinus
921 3222 1052 3270 docet
1078 3258 1092 3282 ,

112 3307 299 3364 Petrum
321 3307 378 3354 de
410 3321 458 3354 se
482 3307 810 3370 praesumpsisse
825 3340 839 3364 ,
870 3320 976 3351 cum
992 3318 1096 3367 pro-

113 3391 313 3438 fiteretur
350 3403 396 3434 se
436 3395 646 3450 paratum
687 3386 746 3434 ad
790 3394 983 3432 mortem
1015 3400 1096 3447 pro

112 3468 290 3518 Christo
325 3466 641 3516 subeundam.⁴
661 3464 902 3530 ⁴Quoniam
937 3464 966 3512 J
968 3481 1096 3512 anse-

113 3552 244 3598 nistae
265 3551 398 3597 toties
412 3547 664 3596 obtrudunt
678 3547 937 3612 exemplum
949 3544 1091 3605 Petri,

112 3640 167 3678 ut
207 3629 414 3678 evincant
447 3630 566 3702 justo
612 3627 782 3677 volenti
825 3637 869 3677 et
914 3628 1100 3675 conanti

1181 2179 1365 2243 gratiam
1392 2177 1625 2226 interdum
1655 2179 1839 2239 deesse,
1869 2182 2038 2245 juverit
2061 2197 2173 2228 non-

1181 2261 1308 2308 nulla
1338 2259 1381 2307 S.
1416 2260 1654 2324 Augustini
1683 2264 1936 2309 testimonia
1964 2263 2039 2309 hic
2070 2262 2172 2309 sub·

1176 2343 1317 2405 jicere
1334 2376 1347 2402 ,
1374 2352 1422 2388 ut
1441 2351 1584 2405 pateat
1611 2358 1684 2388 eos
1710 2342 1840 2404 longe
1867 2342 2097 2389 discedere
2113 2341 2171 2388 ab

1181 2423 1423 2485 Augustini
1446 2430 1599 2468 mente
1621 2458 1634 2479 ‚
1667 2422 1779 2468 dum
1809 2423 1912 2468 talia
1940 2422 2171 2469 effutiunt.

1191 2502 1352 2550 Tract.
1373 2519 1478 2549 xxvi
1492 2504 1546 2548 in
1565 2501 1710 2549 Joan.
1729 2520 1774 2548 n.
1797 2519 1811 2548 1
1829 2537 1842 2564 ,
1860 2506 1921 2549 sic
1936 2501 2171 2549 Christum

2037 2582 2172 2648 Quid

1177 2672 1363 2710 tantum
1378 2665 1632 2728 proesmm‘s
1649 2664 1682 2709 Ρ
1714 2663 1848 2728 Quid
1874 2663 1930 2709 de
1951 2672 1992 2710 te
2007 2665 2175 2710 sentis?

1187 2745 1320 2811 Quid
1348 2761 1442 2792 esse
1468 2752 1509 2791 te
1533 2744 1717 2790 credis?
1741 2743 1884 2790 Audi
1913 2743 2031 2807 quid
2058 2745 2126 2790 sis
2153 2764 2168 2789 .-

1178 2826 1340 2873 Amen
1357 2862 1369 2885 ‚
1403 2822 1539 2871 amen
1555 2825 1657 2871 dico
1676 2824 1791 2882 tibi,
1812 2834 1922 2885 etc.;
1942 2825 2024 2882 ibi,
2044 2842 2094 2871 n.
2121 2839 2169 2870 2:

1178 2906 1292 2955 Non
1314 2914 1470 2954 tamen
1499 2922 1590 2970 pro
1622 2904 1831 2952 Domino
1860 2941 1873 2964 ‚
1912 2913 1968 2950 ut
2006 2911 2173 2950 temere

1172 2989 1433 3054 praecessit.
1481 2988 1529 3034 T
1527 2995 1646 3034 racc.
1672 3002 1806 3043 cxm,
1836 3003 1886 3032 n.
1912 2982 1944 3030 6
1976 3002 1990 3032 ε
2027 2984 2170 3047 Ecce,

1179 3073 1328 3135 inquit
1345 3103 1359 3129 ·,
1374 3068 1549 3115 medici
1569 3065 1789 3130 completa
1804 3073 1872 3112 est
1888 3065 2140 3130 praedictio
2157 3102 2171 3126 ,

1180 3152 1343 3214 oeqroti
1381 3150 1602 3204 convicta
1644 3147 1975 3212 praesumptio.
2018 3145 2170 3193 Serm.

1180 3248 1363 3291 ccxcvu,
1387 3249 1435 3278 n.
1479 3246 1497 3276 1
1540 3246 1554 3276 ε
1587 3227 2018 3292 Praesumptionem
2045 3227 2173 3291 sere-

1181 2583 1366 2630 Petrum
1411 2584 1714 2647 alloquentem
1750 2583 1926 2629 inducit
1969 2600 1983 2630 ε

1147 3360 1150 3364 ,
1180 3314 1259 3362 bat
1277 3351 1289 3372 ‚
1316 3321 1544 3359 tumorem
1564 3325 1706 3356 suum
1729 3308 1994 3369 nesciebat,
2015 3307 2171 3356 Serm.

1181 3411 1331 3443 ccxcv1
1349 3429 1363 3452 ‚
1384 3410 1435 3441 n.
1467 3392 1496 3439 3
1528 3408 1543 3439 ε
1577 3389 1838 3437 Inventum
1863 3397 1931 3436 est
1946 3386 2173 3452 quomodo

1172 3474 1466 3542 praedixerat
1481 3498 1483 3501 ·
1501 3470 1710 3531 medicus
1742 3504 1756 3531 ,
1809 3465 1907 3518 iton
1951 3467 2174 3533 quomodo

1173 3561 1540 3624 praesumpserat
1549 3560 1748 3617 oeqrotue
1761 3567 1782 3614 ,-
1795 3561 1841 3601 et
1861 3550 1968 3600 alibi
1981 3551 2169 3617 passim.
