2430 4056
211 222 320 282 140
934 229 1138 269 ruer.
1181 230 1248 279 »Ε
1290 229 1512 271 ena-ru.

235 434 237 436 .
287 384 422 443 308.
462 385 534 439 1η
587 379 674 443 ,sui
725 373 1039 454 systematis
1091 369 1406 430 subsidium
1465 369 1763 452 proferunt
1812 366 2119 426 Thomistae
2162 366 2257 426 illa

208 478 396 536 omnia
423 474 835 550 Scripturarum
871 465 1095 527 oracula
1121 509 1137 538 7
1163 465 1224 521 in
1249 461 1455 543 quibus
1477 464 1667 542 gratiae
1683 452 1934 539 ⁴efficacia
1971 481 2260 519 commen-

209 570 392 628 datur.
436 569 534 624 Ex.
577 586 655 642 gr.
699 559 896 620 Ezech.
933 559 1199 617 XXXVI:
1236 557 1405 615 Dabo
1439 558 1596 615 vohis
1635 573 1737 615 'cor
1775 550 2060 615 carneum
2089 600 2104 629 7
2146 566 2256 614 etc.

208 662 449 740 Philipp.
484 661 533 714 11
560 679 571 713 :
613 658 770 715 Deus·
795 663 876 711 est
891 695 914 723 ‚
950 655 1058 730 qui
1081 660 1359 728 operatur
1395 654 1464 707 in
1485 652 1654 708 nohis
1684 660 1738 708 et
1771 652 1905 709 velle
1925 695 1940 724 7
1967 660 2077 708 etc.
2115 648 2259 706 alia-

207 775 314 834 que
355 749 628 829 ejusmodi
662 747 917 828 superius
955 754 1421 803 commemorata.

283 846 421 903 309.
470 846 547 902 Ex
578 841 835 900 Patribus
869 838 1160 897 adducunt
1189 838 1380 895 omnia
1414 828 1531 894 illa'
1552 839 1876 897 testimonia
1896 884 1913 912 7
1949 839 2012 897 in
2053 836 2261 919 quibus

206 939 287 996 illi
324 959 493 996 omne
530 935 747 994 bonum
775 943 1035 991 nostrum
1061 934 1179 990 Deo
1209 932 1469 993 referunt
1494 943 1808 1011 acceptum.
1849 933 2264 991 communiunt

204 1033 515 1114 praesertim
537 1052 702 1088 suum
731 1039 972 1107 systema
994 1026 1330 1084 auctoritate
1352 1028 1406 1084 S.
1430 1026 1729 1105 Augustini
1749 1037 1808 1084 et
1825 1028 1884 1084 S.
1907 1025 2156 1083 Thomae.
2184 1026 2265 1082 Ex

207 1130 260 1186 S.
305 1126 609 1205 Augustino
651 1123 881 1203 quidem
918 1143 980 1180 ea
1029 1120 1150 1178 loca
1195 1122 1495 1202 proferunt
1529 1166 1544 1195 7
1591 1122 1656 1178 in
1694 1120 1900 1201 quibus
1941 1123 2002 1181 S.
2056 1123 2266 1179 Doctor

207 1224 394 1301 gratiae
441 1221 741 1279 efficaciam
783 1217 1001 1276 extollit
1027 1262 1042 1290 7
1079 1238 1319 1297 quaeque
1358 1239 1462 1275 nos
1499 1215 1796 1275 retulimus
1839 1217 1900 1274 in
1949 1215 2264 1293 objectione

207 1314 449 1373 secunda
494 1312 792 1393 superioris
851 1333 1014 1391 prop.
1077 1312 1157 1368 Ex
1193 1313 1249 1368 S.
1287 1310 1504 1390 Thoma
1552 1310 1695 1368 illud
1740 1312 2121 1371 intervcetera
2159 1309 2265 1368 ad-

207 1408 420 1465 ducunt
442 1451 457 1479 7
480 1406 631 1486 quod
658 1406 879 1485 scripsit
901 1407 956 1462 S.
986 1407 1194 1462 Doctor
1214 1450 1229 1478 7
1256 1427 1314 1485 p.
1342 1406 1370 1462 1
1392 1451 1407 1481 ,
1433 1428 1491 1487 q.
1531 1407 1639 1464 111
1665 1451 1680 1479 ·›
1707 1428 1758 1463 a.
1788 1406 1830 1462 2
1862 1427 1875 1462 :
1909 1407 2078 1464 Solus
2103 1407 2266 1464 Deus

206 1503 501 1577 efficaciter
524 1510 707 1578 potest
729 1521 946 1557 movere
976 1502 1327 1557 voluntatem
1348 1545 1363 1573 7
1391 1502 1650 1580 Amyclas
1673 1511 1872 1558 autem
1902 1510 1956 1557 et
1979 1500 2141 1557 homo
2155 1519 2271 1576 per

207 1597 438 1652 modum
471 1596 790 1652 suadentis,
821 1595 955 1652 Haec
988 1616 1156 1673 porro
1188 1593 1446 1653 doctrina
1469 1640 1484 1668 ,
1513 1595 1785 1675 inquiunt
1805 1639 1821 1667 7
1853 1593 1992 1651 falsa
2032 1603 2180 1652 esset
2204 1592 2265 1649 in

207 1688 506 1768 hypothesi
523 1689 591 1746 de
610 1690 857 1747 motione
882 1701 1109 1751 tantum
1136 1689 1337 1747 morali
1360 1734 1383 1761 ,
1412 1701 1469 1748 et
1492 1712 1610 1748 non
1640 1689 1869 1770 physica
1905 1699 1964 1746 et
1997 1688 2264 1769 propriax,

210 1803 338 1839 cum
361 1794 417 1840 et
437 1782 679 1860 Angelus
701 1794 756 1840 et
773 1782 943 1841 homo
961 1784 1179 1864 possint
1201 1805 1304 1841 nos
1323 1805 1441 1842 non
1465 1783 1651 1841 solum
1674 1784 1938 1854 exterius7
1970 1780 2073 1841 sed
2095 1782 2268 1840 etiam

210 1876 441 1933 interius
474 1876 759 1935 hortando
793 1921 808 1948 7
855 1877 1106 1954 rogando
1142 1922 1157 1953 7
1205 1877 1475 1936 terrendo
1517 1889 1571 1936 et
1609 1876 2006 1959 persuadendo
2033 1874 2270 1934 morali-

210 1980 296 2027 ter
330 1991 560 2029 movere
583 1971 686 2051 (1).
717 1971 880 2042 Quod
904 1971 1137 2030 demum
1156 1975 1342 2030 ‘omne
1373 1971 1612 2029 dubium
1638 1982 1897 2032 removet
1927 1971 2070 2029 circa
2099 1969 2268 2046 hujus

213 2071 526 2140 systematis
548 2065 844 2124 veritatem
866 2110 881 2139 7
915 2067 1075 2123 aiunt
1100 2110 1116 2140 7
1147 2069 1435 2146 suntipsae
1460 2067 1741 2124 orationes
1770 2110 1786 2138 7
1810 2064 2014 2146 quibus
2034 2063 2275 2136 Ecclesia

213 2158 397 2213 Deum
435 2170 591 2236 rogat
613 2204 628 2231 7
666 2171 730 2216 ut
751 2171 978 2218 nostras
1006 2163 1090 2218 ad
1111 2183 1166 2219 se
1208 2163 1437 2219 rebelles
1469 2162 1774 2239 compellat
1811 2162 2135 2218 voluntates
2157 2158 2268 2236 (2).

293 2249 428 2307 310.
478 2254 576 2309 His
606 2254 832 2333 positis7
877 2255 1228 2313 concludunt
1258 2257 1318 2313 in
1351 2255 1459 2313 hoc
1484 2265 1790 2334 systemate
1827 2253 2029 2334 primae
2060 2273 2271 2326 causae,

218 2364 427 2424 nempe
460 2347 595 2419 Dei7
630 2347 909 2406 influxum
944 2351 1202 2430 apprime
1245 2350 1504 2430 patefieri
1538 2370 1602 2407 ac
1637 2369 1973 2429 supremum
1996 2347 2276 2406 Creatoris

215 2436 529 2497 dominium
567 2442 626 2498 in
652 2463 777 2499 suas
798 2455 1078 2502 creaturas
1109 2488 1125 2517 7
1157 2445 1329 2502 statui
1364 2454 1638 2524 praeterea
1673 2455 1732 2501 et
1751 2440 2141 2501 commendari
2171 2440 2276 2498 hu·-

214 2531 512 2592 militatem
533 2579 549 2608 7
570 2536 1030 2618 quandoquidem
1055 2538 1274 2596 homini
1298 2538 1443 2596 nihil
1457 2538 1702 2619 supersit
1723 2583 1739 2613 7
1764 2539 1827 2595 in
1851 2558 1964 2618 quo
1976 2535 2270 2614 glorietur7

209 2629 370 2700 juxta
415 2628 668 2706 Apostoli
708 2632 1098 2689 sententiam:
1137 2634 1301 2711 Quid
1331 2634 1540 2706 hahes7
1584 2633 1744 2710 quod
1781 2652 1902 2690 non
1941 2629 2273 2709 accepisti?

209 2891 357 2946 potest
374 2919 386 2941 7
412 2885 531 2947 quin
551 2892 674 2931 amet
690 2901 709 2944 ,·
738 2883 859 2933 alias
875 2895 986 2934 esset
1002 2889 1196 2952 efficaci·
1281 2898 1545 2954 sequeretur
1562 2926 1574 2950 7
1597 2888 1807 2937 eamdem
1830 2891 2035 2954 qratiam
2058 2905 2156 2937 mm
2181 2904 2276 2935 esse

216 2972 284 3010 ter
314 2964 619 3011 determinata
653 2965 716 3012 ad
738 2983 938 3014 amorem
960 3005 972 3027 ‚
1002 2977 1055 3015 ut
1083 2986 1196 3034 sup·
1278 2971 1539 3034 efficaecm3
1566 2979 1892 3036 potest-tamen
1914 2987 2008 3018 esse
2039 2972 2095 3017 in
2126 2985 2266 3017 sensu·

211 3045 439 3106 ponitur,
470 3053 511 3091 et
544 3061 641 3092 non
678 3057 790 3095 esset
809 3085 822 3106 7
859 3050 972 3111 quia
996 3048 1079 3097 illa
1117 3050 1197 3096 de·
1276 3052 1427 3099 diviso
1444 3060 1490 3110 *et
1506 3051 1714 3100 absolute
1732 3089 1745 3112 7
1766 3051 1893 3116 quod
1917 3052 1979 3099 ad
2005 3051 2267 3099 libertatem

220 3124 484 3171 terminatio
502 3161 515 3183 ‚
540 3142 643 3188 quoe
660 3145 757 3175 non
788 3129 924 3177 habet
951 3133 1161 3197 effectum
1179 3170 1193 3191 ,
1279 3132 1466 3198 suffic-it.

221 3200 381 3264 efficax
411 3204 508 3249 dici
527 3221 620 3251 non
640 3218 822 3272 potest3
842 3210 988 3258 libera
1022 3210 1196 3259 nihilo·
1345 3214 1408 3274 (1)
1445 3213 1543 3262 Alia
1586 3214 1670 3262 cfr.
1716 3214 1839 3278 apud
1880 3213 1991 3262 Did.
2037 3212 2227 3260 Alvarez
2247 3245 2263 3271 ‚

221 3283 383 3329 minus
415 3283 596 3332 dicetur
626 3288 833 3353 voluntas
868 3294 938 3340 sio
982 3292 1200 3340 determi-
1280 3290 1351 3340 De
1395 3293 1596 3342 auxiliis
1647 3294 1826 3342 divinoe
1880 3296 2050 3359 qratioe
2082 3332 2097 3356 7
2150 3295 2269 3359 disp.

221 3369 334 3408 nata
354 3397 367 3420 ,
400 3365 514 3426 quia
527 3374 678 3430 potest
699 3386 794 3417 non
821 3389 979 3420 ornare
994 3375 1202 3421 insensu
1281 3379 1383 3435 ια’,
1411 3375 1518 3423 edit.
1547 3368 1813 3440 Romsspag.
1843 3373 1939 3424 608
1966 3387 2010 3426 et
2041 3394 2170 3442 seqq.

221 3442 374 3490 diviso
397 3453 442 3492 et
462 3446 679 3498 absolute.
711 3451 891 3498 Eodem
903 3452 1048 3517 plane
1075 3454 1206 3502 modo
1352 3455 1422 3517 (2)
1454 3455 1644 3520 Inerat.
1672 3474 1783 3505 secr.
1813 3456 1949 3522 Dom.
1972 3474 2016 3507 iv
2038 3468 2136 3523 post
2166 3457 2280 3506 Pen-

222 3547 329 3577 eum
360 3531 535 3596 efficaci
546 3533 702 3595 qratia
718 3534 773 3579 in
798 3549 936 3581 sensu
961 3537 1211 3599 composito
1288 3545 1444 3588 tecost.
1814 3546 1819 3547 ⁷

222 3627 319 3659 non
336 3620 488 3677 potest
512 3629 606 3660 esse
632 3620 767 3661 actus
783 3617 1045 3663 contrarius
1056 3636 1074 3672 ;
1089 3616 1210 3664 alias
