2430 4056
262 211 376 286 1⁴94

1010 220 1204 259 TRAGT.
1248 219 1316 259 m:
1357 220 1582 260 GRATIA.

336 369 479 431 427.
525 368 692 446 Resp.
722 358 796 419 ad
823 360 925 432 1¹¹¹,
958 357 1105 437 Ney.
1149 358 1306 416 Nam
1341 370 1663 436 peccatores
1701 358 1907 446 reliqui
1945 355 2232 421 uberiores
2265 373 2325 423 et

266 458 615 543 frequentioi
616 476 674 514 es
708 454 914 532 gratias
951 459 1381 532 consequuntur
1400 471 1521 530 prae
1551 451 1844 513 obduratis
1881 463 1940 513 et
1963 452 2280 513 obcaecatis.

342 555 474 614 428.
497 550 582 611 Ad
602 549 708 622 2¹1¹,
738 548 894 606 Dast.
913 546 1340 604 Determinatus
1363 555 1451 602 est
1462 558 1827 626 peccatorum
1841 568 2117 607 numerus
2135 549 2326 628 quoad

262 672 387 721 εοε,
422 645 517 726 qui
542 652 671 723 post
707 648 1001 721 patratum
1027 637 1262 718 aliquod
1289 648 1589 718 peccatum
1618 653 1720 700 aut
1763 643 2092 702 moriuntur
2126 653 2226 701 aut
2262 644 2325 702 in

257 740 565 803 amentiam
593 743 934 816 perpetuam
984 731 1287 806 incidunt,
1335 753 1524 804 conc..,
1564 735 1752 813 quoad
1785 758 1913 813 eoS‚
1949 737 2139 818 quiin
2178 738 2327 799 vivis

251 840 560 916 supersunt
575 838 631 887 et
645 827 855 886 mentis
871 836 1163 907 compotes
1179 826 1242 884 in
1265 825 1467 886 ordine
1489 825 1564 884 ad
1584 829 1788 905 gratias
1805 830 2056 890 efficaces
2073 876 2088 903 ,
2108 841 2325 904 trane.;

247 933 308 989 in
337 925 535 986 ordine
560 921 632 981 ad
651 921 856 1000 gratias
877 921 1138 1001 proxime
1166 931 1266 979 aut
1291 932 1512 980 remote
1533 920 1880 983 sufficientes
1898 969 1915 999 ‚
1946 924 2156 1006 quibus
2179 947 2328 984 sem-

250 1044 354 1104 per
380 1018 704 1098 resipiscere
729 1014 962 1075 valeant
981 1059 996 1088 ,
1027 1036 1153 1094 neq.
1189 1015 1267 1074 Eo
1291 1016 1417 1096 ipso
1438 1018 1595 1074 enim
1615 1060 1632 1090 ,
1662 1017 1820 1097 quod
1836 1015 2160 1098 peccatores
2185 1041 2332 1079 sem-

249 1138 353 1198 per
389 1121 695 1172 teneantur
736 1118 1023 1190 praecepto
1069 1109 1456 1169 conversionis
1494 1121 1553 1169 et
1600 1111 1722 1191 spei
1751 1127 1791 1185 ,‘
1820 1133 2125 1193 nunquam
2172 1114 2333 1172 omni

247 1209 424 1292 gratia
442 1252 457 1281 a
488 1202 763 1286 quamdiu
792 1203 1030 1277 vivunt7
1061 1203 1367 1283 privantur
1379 1208 1545 1281 juxta
1570 1202 1666 1262 illa
1689 1225 1817 1286 quae
1841 1204 1991 1264 dicta
2014 1217 2170 1265 sunt.
2203 1207 2333 1266 Tes-

246 1302 551 1363 timonium
582 1319 718 1360 vero
743 1299 915 1358 Amos
949 1307 1035 1356 est
1063 1308 1296 1356 tantum
1321 1297 1394 1358 de
1419 1319 1596 1379 poena
1624 1299 1931 1380 temporali
1960 1321 2065 1360 nec
2088 1299 2332 1383 proinde

249 1397 322 1456 ad
345 1418 465 1455 rem
488 1404 832 1475 praesentem
860 1392 994 1450 facit
1017 1391 1124 1471 (l).

324 1490 461 1549 429.
513 1488 599 1548 Ad
631 1487 737 1560 3¹1¹,
765 1488 918 1545 Duc.
963 1485 1073 1558 Qui
1120 1496 1318 1545 tamen
1353 1508 1536 1567 usque
1589 1487 1665 1546 ad
1706 1487 1768 1546 id
1811 1489 2086 1570 temporis
2123 1489 2332 1569 gratias

247 1583 583 1646 necessarias
621 1581 694 1642 ad
740 1580 985 1641 salutem
1033 1580 1438 1655 obtinuerint,
1483 1602 1670 1641 cono.-
1630 1627 1671 1655 .‚
1725 1603 1884 1642 secus
1923 1627 1939 1657 ,
1985 1605 2112 1664 neq.
2167 1585 2332 1643 Justo

244 1678 481 1759 proinde
501 1677 598 1737 Dei
608 1675 821 1753 judicio
852 1675 1186 1756 plectuntur
1209 1685 1341 1756 post
1362 1686 1449 1733 tot
1480 1677 1796 1753 gratiarum
1823 1676 2086 1735 abusum.
2126 1677 2290 1737 Addo
2313 1723 2330 1753 ‚

245 1771 520 1850 ejusmodi
559 1769 957 1830 difficultatem
1003 1769 1244 1850 perinde
1291 1790 1355 1829 ac
1393 1769 1822 1850 praecedentem
1867 1791 2027 1853 aeque
2067 1792 2333 1853 premere

243 1888 338 1925 eos
359 1912 374 1939 ,
405 1866 500 1946 qui
519 1865 723 1924 saltem
739 1862 1130 1945 peccatoribus
1145 1862 1550 1922 communibus
1567 1865 1776 1943 gratias
1797 1865 1922 1924 dari
1935 1866 2323 1929 contendunt.

319 1959 453 2018 430.
501 1959 585 2018 Ad
613 1959 718 2031 4¹¹²,
750 1958 899 2037 Ney.
941 1959 1063 2016 Imo
1102 1958 1362 2038 opposita
1399 1957 1694 2033 doctrina,
1737 1980 1864 2040 quae
1891 1982 2126 2019 omnem
2166 1981 2332 2042 spem

245 2054 443 2113 adimit
486 2053 871 2114 conversionis
914 2052 975 2110 in
1011 2064 1268 2111 extrema
1311 2053 1443 2114 vitae
1487 2053 1723 2133 periodo
1765 2054 2089 2113 constitutis
2117 2099 2133 2128 .,
2179 2056 2335 2115 viam

241 2149 461 2207 facilem
512 2147 697 2229 aperit
737 2147 811 2205 ad
851 2144 1064 2228 quaevis
1096 2145 1341 2218 scelera3
1366 2167 1497 2204 cum
1540 2145 1700 2204 nullo
1730 2147 1918 2207 froeno
1961 2160 2331 2208 coerceantur

243 2243 325 2300 illi
348 2287 362 2315 7
402 2263 646 2323 quorum
678 2242 898 2299 animos
928 2240 1050 2299 haec
1083 2240 1373 2299 sententia
1418 2239 1714 2299 imbuerit.
1744 2242 1870 2313 Quo
1906 2242 2063 2300 enim
2102 2264 2164 2302 se
2197 2264 2330 2302 ver-

243 2348 369 2395 tent
400 2382 415 2410 ,
442 2357 686 2417 quorum
715 2334 1015 2415 desperata
1047 2333 1197 2393 salus
1220 2334 1544 2393 declaratur
1565 2333 1597 2392 Ρ
1632 2334 1745 2411 Qui
1783 2346 1978 2394 autem
2002 2335 2323 2395 abutuntur

243 2432 513 2491 catholica
540 2429 835 2503 doctrina7
872 2449 1001 2510 quae
1037 2429 1206 2487 docet
1250 2449 1414 2510 spem
1456 2449 1687 2509 semper
1749 2451 2047 2511 superesse
2091 2430 2324 2505 salutis,

240 2523 348 2582 sibi
376 2526 509 2606 ipsis
537 2525 850 2606 perniciem
891 2523 1268 2585 consciscunt.
1312 2524 1452 2606 Spes
1489 2523 1646 2582 enim
1674 2544 1742 2582 eo
1777 2523 2058 2583 difficilior
2087 2523 2281 2585 evadit
2305 2569 2322 2599 .,

1321 2754 1448 2803 illam
1500 2755 1651 2803 solum
1700 2771 1994 2805 communem
2037 2767 2324 2821 peccatorum

242 2833 458 2882 nihilitate
473 2835 775 2882 conversionis
800 2871 814 2893 ‚
838 2837 918 2899 qni
941 2844 1107 2883 sectam
1138 2853 1238 2899 pro·
1321 2836 1666 2885 multitudinem
1701 2837 1985 2897 admisisset,
2013 2855 2109 2887 non
2138 2855 2323 2889 conver-

244 2914 395 2964 fitetur
414 2952 427 2975 ‚
449 2916 499 2963 in
516 2932 605 2980 qua
622 2915 885 2979 praedicatur
903 2915 1122 2963 inutilitas
1149 2915 1235 2964 bo-
1295 2908 1462 2966 ‘terem
1493 2917 1624 2965 illum
1642 2952 1658 2979 ‚
1686 2934 1764 2966 seu
1805 2921 1846 2965 ei
1885 2935 1983 2967 non
2011 2936 2245 2984 parcerem
2271 2937 2324 2970 ac

246 3014 409 3046 norum
461 3014 649 3062 operum
687 2997 744 3046 ad
787 2998 977 3046 salutem
1000 3033 1015 3058 ,
1059 3000 1232 3063 quique
1313 3001 1554 3064 punirem,
1584 3015 1709 3047 nunc
1736 2999 1881 3048 multo
1905 3003 2059 3049 minus
2099 3018 2282 3066 parcam
2305 3038 2320 3061 ,

242 2769 346 2803 nem
367 2756 702 2818 provenientem
730 2770 784 2803 ex
817 2755 1039 2818 principio
1061 2755 1117 2805 de
1135 2772 1240 2819 pos-

247 3085 458 3138 proeterea
493 3078 758 3140 idololatriae
789 3078 1043 3143 apologiam
1073 3082 1238 3128 texuit.

317 3156 378 3218 (l)
412 3156 509 3205 Cfr.
531 3157 736 3211 Sanctius
748 3162 797 3210 in
824 3160 951 3209 hunc
977 3160 1064 3210 loc.
1082 3162 1163 3226 qui
1191 3161 1243 3210 in

246 3236 405 3298 primis
420 3237 631 3298 adnotat,
655 3241 719 3293 ibi
734 3244 977 3290 ternarium
996 3258 1243 3291 numerum

248 3331 329 3378 pro
379 3317 614 3370 indefinita
646 3321 935 3372 multitudine
968 3323 1190 3375 scelerum
1216 3340 1243 3373 a

247 3393 471 3459 Propheta
498 3404 731 3465 usurpari3
773 3403 938 3454 deinde
968 3405 1096 3460 illam
1124 3421 1238 3453 con·

247 3478 495 3529 versionem
511 3475 645 3544 longe
659 3484 941 3540 verisimilius
963 3488 1056 3534 vim
1071 3485 1241 3538 habere
1267 3492 1270 3496 ’

247 3571 402 3611 sensus
434 3562 635 3623 ,negativi
659 3596 675 3622 ,
701 3565 763 3610 ita
798 3575 849 3611 ut
881 3565 975 3613 haec
1020 3569 1240 3616 sententia

241 3651 299 3684 ex
333 3635 419 3687 Dei
459 3641 645 3690 nomine
680 3652 862 3707 exurgat
902 3662 916 3693 ε
959 3645 1007 3694 Si
1045 3644 1238 3712 populus

1321 3089 1563 3145 postquam
1591 3090 1751 3146 quarto
1782 3092 1966 3146 peccato
1990 3099 2070 3130 seu
2089 3095 2208 3131 novo
2225 3099 2323 3131 sce·

1321 3161 1468 3221 lerum
1495 3177 1658 3225 genere
1683 3163 1925 3211 cumulum
1944 3165 2101 3212 ceteris
2127 3164 2322 3229 peccatis

1322 3239 1531 3290 addidit?
1559 3242 1757 3291 Demum
1790 3245 1986 3293 ostendit
2013 3247 2081 3309 agi
2119 3244 2176 3293 de
2212 3261 2323 3308 sup-

1323 3322 1462 3387 pHcio
1493 3323 1765 3387 temporali,
1799 3324 1924 3390 quod
1963 3342 2038 3374 vv.
2067 3339 2195 3391 seqq.
2218 3323 2323 3372 Pro·

1319 3403 1456 3468 pheta
1490 3403 1729 3469 designat3
1772 3406 2002 3471 siquidem
2040 3405 2159 3454 nihil
2196 3403 2322 3454 aliud

1320 3493 1479 3549 pmtaer
1515 3484 1694 3534 bellum
1717 3521 1731 3546 ,
1772 3486 1924 3552 fugam
1956 3497 2004 3536 et
2050 3485 2318 3536 incendium

1320 3566 1631 3617 comminatur
1648 3603 1661 3625 ‚
1689 3585 1791 3632 quae
1810 3570 1968 3618 omnia
1988 3567 2131 3634 longe
2151 3565 2319 3616 abeunt

1318 3665 1347 3696 a
1368 3649 1591 3713 spirituali
1608 3650 1851 3715 supplicio.
