2430 4056
245 179 361 241 304
416 203 419 205 ’

725 196 924 236 ΤΒΔΟΤ.
969 197 1039 234 1>ss
1081 194 1459 239 SAanMBH‘rls
1499 199 1559 236 m
1604 198 1838 235 GENERE.

243 342 489 404 electum
519 337 821 397 certiorem
848 335 1069 393 faciunt
1091 333 1164 393 de
1186 333 1400 415 adepta
1427 335 1549 396 fide·
1565 358 1629 396 ac
1657 336 1872 396 divinis
1902 335 2199 416 promissis
2213 336 2326 416 (1).

244 432 629 514 Anabaptistae
664 428 1020 503 decernunt,
1063 430 1433 487 Sacramenta
1473 450 1596 503 esse
1630 436 1806 511 siqna
1853 432 2168 509 alleyorica
2202 432 2334 491 vitae

207 593 219 601 ,
241 524 546 611 spiritualis
578 523 703 604 (2).
725 523 1073 582 Arminianis
1104 568 1119 596 ,
1142 521 1513 609 ,Mennonitis
1535 567 1552 596 ,
1604 524 1920 610 Socinianis
1961 525 2334 584 Sacramenta

234 633 369 681 sunt
406 617 741 679 ceremoniae
775 637 876 675 seu
912 616 1055 675 nudi
1094 617 1238 674 ritus
1274 617 1625 691 exteriores,
1658 619 1868 699 quibus
1913 618 2221 678 Christiani
2258 618 2332 677 ab

233 715 473 774 aliarum
521 712 865 790 religionum
899 709 1212 768 cultoribus
1250 710 1689 789 distinguuntur
1726 712 1838 791 (3).
1896 711 2173 786 Quakeris
2229 712 2334 771 Sa-

232 819 524 869 cramenta
558 818 696 865 sunt
722 817 890 864 actus
930 807 1278 884 spirituales
1321 816 1380 864 et
1434 805 1653 863 interni
1691 807 1921 884 effectus
1960 810 2199 867 coelestis
2233 810 2332 867 lu-

231 911 418 965 minis
454 904 563 983 (4).
612 901 1217 981 Schwedenborgianis
1243 904 1634 978 ,Sacramenta
1678 913 1814 960 sunt
1861 903 2153 983 symbola,
2207 904 2334 985 qui-

229 1001 338 1059 bus
365 1003 516 1058 Deus
536 1009 595 1057 et
617 998 793 1056 homo
817 998 1065 1056 invicem
1082 1001 1516 1074 conjunguntur
1529 994 1643 1074 (5).
1665 996 2053 1057 Rationalistis
2078 998 2332 1080 denique

230 1098 599 1155 Sacramenta
615 1104 749 1151 sunt
764 1093 906 1149 ritus
923 1092 1093 1170 longe
1119 1092 1553 1172 praestantiores
1575 1088 1787 1149 ritibus
1816 1113 2177 1172 paganorum
2203 1105 2333 1153 tum

229 1190 638 1270 significatione
666 1186 974 1265 symbolica
1005 1197 1133 1243 tum
1164 1187 1281 1244 fine
1313 1185 1517 1244 morali
1553 1183 1664 1264 (6).
1719 1193 1722 1196 ’

312 1285 368 1342 5.
406 1285 486 1341 Ex
508 1283 596 1340 his
612 1281 1044 1340 definitionibus
1061 1292 1159 1338 aut
1182 1280 1517 1348 notionibus
1540 1281 2043 1340 Sacramentorum
2068 1292 2332 1349 constat:

233 1382 294 1445 1ο
348 1380 447 1436 Eas
506 1398 707 1435 omnes
747 1375 927 1434 fluere
967 1397 1036 1434 ex
1076 1376 1358 1456 principio
1403 1374 1830 1434 fundamentali
1870 1377 2332 1436 Protestantismi

227 1472 514 1556 primitivi
537 1516 551 1545 ,
576 1482 750 1552 prout
777 1470 945 1528 illum
966 1470 1255 1529 Lutherus
1285 1481 1343 1528 et
1369 1469 1745 1528 Melanchton
1773 1472 2172 1550 excogitarunt
2185 1472 2334 1531 circa

220 1568 707 1646 justificationem.
739 1565 805 1622 20
833 1566 1073 1642 Constat
1091 1609 1107 1637 ‚
1138 1576 1351 1637 sectaS,
1381 1586 1451 1623 ex
1480 1565 1924 1624 Lutheranismo
1963 1565 2293 1646 progenitas
2313 1610 2330 1640 ,

227 1664 487 1745 proprias
532 1661 773 1719 edidisse
816 1662 1321 1718 Sacramentorum
1361 1660 1630 1718 notiones
1660 1705 1675 1730 ,
1719 1660 2049 1720 evolvendo
2090 1681 2332 1740 germen

227 1757 507 1839 primitivi
535 1756 1015 1814 Protestantismi.
1047 1754 1427 1832 30'Ejusm0di
1458 1755 1826 1814 definitiones
1850 1755 2030 1834 magis
2059 1776 2124 1814 ac
2151 1756 2332 1836 magis

227 1852 533 1910 abscedere
569 1872 602 1908 a
644 1872 776 1911 vera
820 1851 1175 1908 Sacramenti
1214 1851 1485 1925 notione,
1534 1849 1719 1909 donec
1758 1851 2055 1909 amiserint
2094 1873 2331 1911 omnem

227 1946 566 2005 relationem
596 1945 670 2002 ad
698 1946 939 2023 gratiam
968 1956 1025 2003 et
1041 1945 1514 2021 justificationem
1534 1989 1549 2019 ,
1580 1966 1644 2003 ac
1683 1945 1780 2005 vix
1818 1944 2092 2004 umbram
2115 1958 2174 2005 et
2206 1968 2332 2007 ves-

229 2041 429 2120 tigium
466 2041 821 2098 Sacramenti
851 2040 1223 2099 retinuerint.

227 2218 497 2266 vehiculum
537 2220 751 2283 Spiritui
793 2235 888 2265 non
918 2226 984 2265 est
1014 2234 1228 2266 necessa-

226 2302 412 2347 rium...
454 2300 568 2346 Hoc
593 2299 745 2345 libens
774 2298 969 2345 admitto
990 2333 1006 2359 ,
1047 2297 1228 2346 Sacra-

225 2389 383 2427 menta
415 2379 526 2426 dari
544 2381 598 2425 in
632 2381 954 2426 testimonium
977 2379 1230 2444 publicum

224 2463 325 2527 ejus
351 2462 519 2525 qratioe
533 2497 547 2516 ‚
574 2475 677 2524 quoe
696 2461 867 2523 cuique
881 2461 1075 2524 privato
1084 2462 1229 2526 prius

226 2542 377 2590 adest.

292 2623 355 2686 (1)
392 2622 497 2670 Non
519 2640 660 2669 unam
690 2621 875 2670 exhibet
906 2620 1125 2669 Calvinus
1143 2620 1229 2669 Sa-

223 2706 441 2752 cramenti
482 2705 717 2767 notionem
746 2740 759 2760 ‚
798 2704 963 2750 Instit.
1010 2703 1112 2766 lib.v
1133 2720 1180 2750 1v
1211 2740 1224 2762 ,

225 2802 327 2851 cap..
357 2783 433 2848 14.
451 2781 699 2849 Etenim,§
724 2799 768 2840 1,
789 2783 950 2830 definit
966 2783 1228 2831 Sacramen-

223 2876 350 2925 tum,
386 2874 634 2913 externum
662 2863 924 2929 symbolum
946 2901 958 2924 ,
975 2881 1064 2927 quo
1090 2864 1226 2914 benc-

225 2946 440 2994 volentioe
483 2962 595 3010 crya
625 2962 712 2993 nos
751 2963 850 2993 suoe
883 2947 1227 3009 promissiones

226 3029 530 3075 conscientiis
546 3029 719 3075 nostris
735 3029 985 3075 Dominus
1013 3027 1228 3091 obsiqnat

227 3108 291 3155 ad
311 3109 638 3156 sustinendam
665 3109 786 3171 fidei
815 3117 989 3157 nostrae
1013 3108 1226 3157 imbecil-

228 3188 405 3236 litatem
417 3225 433 3251 ,
467 3198 512 3237 et
531 3206 618 3238 nos
643 3191 858 3237 vicissim
870 3193 1096 3256 pietatem
1115 3209 1228 3255 erqo

228 3287 336 3317 eum
358 3278 565 3319 nostram
580 3306 597 3331 ‚
622 3279 720 3318 tam
746 3288 905 3320 coram
921 3289 972 3320 eo
995 3282 1037 3320 et
1059 3271 1226 3338 Ληρε-

227 3349 288 3398 lis
299 3367 441 3417 qnam
453 3353 583 3416 apud
594 3352 804 3400 homines
822 3362 1064 3403 testamur.
1081 3353 1107 3420 §
1127 3372 1144 3402 1
1155 3372 1182 3420 7
1207 3393 1221 3416 ,
1254 3392 1258 3396 .

229 3431 404 3491 scribit,
428 3431 518 3480 hoc
535 3451 710 3498 ,munus
723 3444 907 3485 ,tantum
923 3434 1228 3485 Sacramentis

227 3528 321 3562 esse
347 3513 566 3560 divinitus
581 3515 777 3563 inditum
792 3553 806 3577 ,
823 3517 1069 3580 testificari
1093 3518 1229 3566 nobis

226 3609 284 3640 ac
302 3594 492 3640 sancire
518 3591 620 3640 Dei
639 3596 696 3641 in
724 3612 809 3643 nos
840 3596 1224 3648 benevolentiam.

225 3672 254 3742 ᾗ
278 3671 356 3737 18,
371 3667 565 3735 affirmat
580 3711 594 3736 ,
611 3693 704 3726 esse
719 3679 844 3744 signa
863 3714 877 3740 ,
900 3697 1001 3745 quae
1021 3681 1225 3730 homini-

1316 2219 1402 2265 bus
1436 2217 1577 2265 Deus·
1600 2218 1832 2265 mandavit
1857 2228 1910 2266 ut
1944 2220 2165 2266 certiores
2189 2235 2327 2268 secu-

1317 2314 1483 2361 rosque
1519 2299 1576 2344 de
1598 2298 1978 2362 promissionum
2020 2317 2219 2349 suarum
2247 2318 2328 2350 vc-

1314 2380 1454 2426 ritate
1481 2378 1708 2427 redderet.
1734 2380 1790 2428 Et
1822 2381 1923 2429 haec
1943 2383 2131 2447 quidem
2167 2384 2323 2448 quoad

1315 2461 1433 2508 solos
1474 2461 1639 2509 electos
1675 2478 1690 2524 3
1737 2465 1909 2511 etenim
1935 2499 1948 2522 ,
1993 2466 2127 2528 juxta
2174 2448 2321 2528 ipsius

1316 2553 1509 2607 systema
1529 2580 1541 2602 ,
1566 2542 1748 2608 reprobi
1767 2554 1928 2608 praeter
1944 2553 2180 2593 externum
2197 2563 2322 2610 sym-

1314 2624 1474 2672 bolum
1503 2625 1622 2672 nihil
1645 2627 1891 2689 recipiunt.

1383 2706 1450 2769 (⁶2)
1482 2705 1602 2754 Nam
1638 2704 1769 2770 juxta
1823 2706 2109 2755 Monsterum
2164 2706 2325 2756 Sacra·-

1315 2798 1468 2835 menta
1499 2804 1595 2834 non
1627 2799 1733 2835 sunt
1770 2788 1861 2835 nisi
1906 2790 2106 2837 actiones
2137 2788 2324 2854 symbo-

1313 2868 1412 2916 licae
1453 2880 1497 2917 et
1532 2870 1807 2917 emblemata
1842 2907 1855 2929 ‚
1909 2886 2014 2935 quae
2059 2869 2324 2934 significent

1314 2951 1515 3014 patiendi
1554 2937 1887 2999 necessitatem.
1930 2950 2028 2999 Cfr.
2060 2950 2318 3013 'Moehleffi

1312 3028 1620 3095 Symboliqne
1640 3069 1654 3090 ‚
1674 3042 1787 3081 tom.
1804 3050 1838 3080 u
1858 3069 1871 3093 ‚
1894 3050 2001 3098 pag.
2034 3029 2125 3080 185
2153 3043 2198 3081 et
2225 3050 2319 3099 seq.

1380 3113 1446 3178 (3)
1462 3114 1527 3161 Ita
1543 3112 1776 3162 Sociniani
1789 3117 1838 3162 in
1851 3113 2041 3162 catech.
2058 3115 2236 3183 Racoo.
2253 3130 2319 3174 v1,

1314 3197 1366 3254 3,
1395 3195 1652 3264 Arminiani
1676 3233 1689 3255 ‚
1713 3196 1929 3260 Confhss.
1944 3195 2316 3254 Remonst.xxu,

1315 3275 1399 3340 33>
1421 3277 1490 3325 De
1529 3276 1811 3325 Mennonitis
1854 3278 1940 3326 cfr.
1972 3277 2126 3338 Beck,
2175 3277 2318 3327 Com-

1312 3367 1475 3418 mentt.
1508 3375 1614 3422 pag.
1646 3374 1762 3424 772.

1383 3439 1447 3504 (⁴4)
1483 3439 1584 3487 Cfl'·
1623 3439 1833 3489 Moehler
1855 3477 1868 3501 ‚
1901 3442 2083 3506 opscit.
2116 3450 2226 3489 tom.
2252 3454 2319 3499 u,
2408 3455 2426 3506 ι]

1314 3538 1415 3585 pag.
1438 3518 1556 3569 235.

1319 3658 1321 3661 f
1380 3600 1444 3664 (5)
1483 3600 1609 3650 lbid.
1638 3620 1741 3668 pag.
1780 3601 1878 3651 330
1903 3611 1948 3651 et
1971 3617 2106 3667 seqqr

1377 3682 1441 3745 (6)
1477 3681 1820 3750 Wegscheider‚
1853 3681 1882 3750 §
1914 3679 2025 3731 165.
