2430 4056
895 150 899 157 ’
974 187 1316 227 rnoonmmr.
2086 164 2203 228 303

110 331 362 425 primere
391 388 406 418 ,
436 352 497 404 et
531 340 1054 424 quod'exprimunt
1086 342 1331 401 efficere.
1365 341 1421 400 Si
1453 339 1762 400 verborum
1781 352 1977 401 autem
2000 339 2207 402 discre-

110 438 377 519 pantiam
421 437 588 497 tollas
621 481 637 510 ‚
689 434 879 515 quoad
934 457 1058 494 rem
1108 437 1339 517 ipsam,
1401 456 1603 494 omnes
1656 457 1781 517 quae
1833 457 1865 495 a
1913 435 2207 495 catholicis

115 530 446 590 doctoribus
470 529 785 589 traduntur
812 529 1166 588 Sacramenti
1194 529 1559 588 definitiones
1577 530 1637 587 in
1654 529 1803 588 hanc
1829 530 2205 592 conveniunt.

197 626 251 685 4.
300 627 514 685 Contra
542 643 679 685 vero
705 625 1022 683 Novatores
1040 668 1056 700 ‚
1095 611 1194 704 qui
1233 624 1479 705 gratiam
1507 625 1961 683 sanctificantem
1989 647 2018 683 a
2036 626 2211 703 justi-

113 720 379 779 ficatione
404 729 748 799 separarunt
768 762 783 791 a
821 718 900 776 ita
929 730 996 776 ut
1017 718 1136 788 haec
1167 741 1288 777 non
1311 719 1587 776 consistat
1616 719 1727 776 nisi
1755 720 1816 776 in
1852 718 1971 777 sola
1997 719 2210 778 forensi

114 825 481 896 peccatorum
518 812 857 871 remissione
877 857 892 886 .,
925 834 1024 871 seu
1047 813 1238 893 potius
1264 813 1325 869 in
1351 811 1467 870 sola
1497 832 1685 892 poenae
1723 813 1970 892 peccatis
2000 812 2211 872 debitae

113 931 235 970 non
265 907 677 988 imputatione,
713 908 771 967 vi
801 906 948 965 fidei
977 905 1470 987 apprehendentis
1495 905 2020 965 instrumentaliter
2037 908 2212 984 justi-

114 1003 259 1060 tiam
299 1002 405 1060 Dei
452 1000 547 1061 vel
590 1001 804 1060 Christi
847 1000 1166 1060 extrinsece
1207 1002 1593 1081 imputatam,
1644 1002 1995 1059 contrariam
2039 1001 2214 1081 plane

117 1095 471 1168 Sacramenti
519 1096 818 1154 notionem
866 1093 1142 1153 invehere
1182 1094 1530 1153 debuerunt.
1583 1095 1953 1154 Sacramenta
1997 1096 2058 1152 in
2107 1095 2215 1153 hac

117 1190 423 1270 hypothesi
460 1189 617 1248 nuda
647 1191 806 1268 signa
836 1188 1126 1261 evadunt,
1156 1211 1283 1269 quae
1312 1189 1402 1248 vel
1429 1188 1605 1247 fidem
1632 1190 1885 1248 excitent
1911 1189 1986 1247 ad
2012 1211 2216 1270 appre-

115 1284 492 1344 hendendam
524 1283 737 1342 Christi
757 1285 1043 1361 justitiam
1073 1328 1088 1356 ,
1130 1283 1221 1342 vel
1250 1284 1487 1363 pignora
1510 1284 1746 1361 justitiae
1767 1306 1872 1364 per
1899 1284 2074 1343 fidem
2090 1289 2216 1362 jam

112 1379 456 1459 imputatae7
509 1377 605 1436 vel
654 1378 813 1456 signa
859 1381 920 1436 in
960 1377 1163 1436 ordine
1208 1376 1283 1434 ad
1336 1378 1705 1451 societatem,
1755 1378 1828 1435 ad
1875 1401 2050 1458 quam
2091 1379 2216 1459 quis

114 1475 389 1555 pertinet.
426 1475 543 1532 Nec
576 1494 712 1532 sane
743 1472 917 1531 aliam
942 1474 1449 1531 Sacramentorum
1483 1472 1673 1530 ideam
1710 1472 1977 1553 praebent
2008 1475 2211 1549 variae,

113 1588 257 1648 quas
306 1567 596 1626 dederunt
641 1569 957 1627 Novatores
988 1613 1003 1641 ,
1044 1567 1400 1625 Sacramenti
1437 1566 1823 1625 definitiones.
1866 1569 2043 1625 Juxta
2095 1569 2217 1624 Lu-

115 1661 386 1737 therum,
443 1663 812 1720 Sacramenta
851 1674 991 1720 sunt
1027 1661 1185 1720 nuda
1228 1667 1403 1742 siqua
1428 1706 1443 1734 ‚
1496 1661 1592 1721 vel
1638 1664 1838 1740 siqz'lla
1887 1661 2218 1721 divinarum

114 1757 569 1838 >promissionum
596 1755 670 1814 ad
693 1756 1060 1815 excitandam
1088 1756 1267 1815 fidem
1290 1802 1305 1830 7
1334 1778 1444 1836 qua
1466 1755 1767 1830 credatur,
1791 1778 1896 1838 per
1922 1757 2218 1815 Christum

115 1864 345 1932 peecata
387 1851 605 1909 dimitti
646 1852 759 1930 (1).
790 1854 966 1910 Juxta
1003 1851 1350 1931 Zwinglium
1376 1863 1435 1908 et
1465 1851 1771 1909 Calvinum
1794 1896 1809 1924 ,
1848 1854 2217 1910 Sacramenta

115 1956 253 2003 sunt
278 1952 452 2024 siyna
490 1947 710 2002 divinae
741 1951 994 2024 qratioe3
1041 1966 1254 2024 nempe
1284 1949 1450 2022 juxta
1484 1945 1870 2022 Zwingiium‚
1909 1945 2117 2025 quibus
2162 1967 2218 2003 se

117 2040 277 2098 homo
304 2040 584 2099 Ecclesiae
604 2041 830 2118 prohat
846 2050 952 2097 aut
974 2041 1372 2097 candidatum
1403 2054 1513 2096 aut
1549 2041 1799 2097 militem
1826 2061 1940 2097 esse
1971 2041 2216 2111 Christi,

100 2135 489 2212 redduntque
535 2135 861 2192 Ecclesiam
904 2144 1085 2190 totam
1127 2137 1330 2212 potius
1368 2137 1673 2190 certiorem
1710 2135 1779 2190 de
1823 2145 1926 2192 tua
1954 2135 2109 2211 side,
2153 2146 2219 2192 ut

119 2227 240 2308 ipse
275 2226 570 2308 loquitur,
611 2249 798 2305 quam
835 2238 884 2284 te
921 2227 1048 2306 (⁰203
1083 2229 1249 2304 juxta
1301 2227 1610 2287 Calvinum
1652 2239 1884 2301 autem7
1928 2240 2215 2309 quatenus

131 2513 134 2521 Ι
186 2456 249 2520 (l)
270 2456 515 2515 Lutherus‚
530 2475 639 2521 opp.
665 2457 773 2504 edit.
787 2456 895 2505 Jen.
914 2466 1031 2505 tom.
1050 2474 1125 2517 ιιι,

119 2540 204 2587 fol.
233 2537 331 2587 266
348 2577 361 2598 ‚
386 2537 415 2585 b
436 2555 448 2586 :
478 2537 662 2586 Omnia
679 2540 987 2586 Sacramenta
1009 2575 1023 2599 ‚
1054 2541 1128 2586 in-

119 2623 240 2686 quit,
257 2620 321 2667 ad
329 2620 476 2684 fidem
495 2619 716 2667 alendam
744 2629 858 2667 sunt
882 2622 1126 2668 instituta.

120 2700 418 2750 Melanchton
442 2704 493 2750 in
506 2701 622 2750 Loc.
657 2701 879 2766 Theoloq.
902 2718 1008 2766 pag.
1028 2700 1093 2765 46
1112 2718 1126 2749 :

122 2783 372 2848 Apparet,
402 2783 594 2846 scribit,
622 2801 766 2848 quam
795 2783 924 2831 nihil
947 2782 1129 2832 Sacra-

120 2873 280 2912 menta
307 2866 408 2912 sint
431 2865 546 2928 nisi*
565 2865 684 2929 fidei
715 2866 981 2913 emercendoe
1017 2887 1129 2928 μνη-

122 2944 323 3009 μέσυνοι5
357 2956 401 2994 et
423 2945 540 2994 ibid.
567 2964 670 3011 pag.
707 2945 792 3008 141
825 2956 868 2994 et
899 2964 994 3012 seq.
1017 2947 1131 2994 sub-

33 3069 38 3074 ,
121 3029 192 3076 dit
227 3045 240 3076 :
266 3027 445 3075 Nostra
463 3014 763 3074 imbecillitas
795 3028 953 3091 siquis
978 3029 1127 3091 eriqi·

121 3116 232 3168 tur,
263 3123 324 3156 ue
350 3108 408 3155 de
433 3108 761 3155 misericordia
791 3108 895 3156 Dei
922 3110 1048 3156 inter
1067 3116 1132 3156 tot

123 3190 343 3238 insultus
369 3190 559 3255 peccati
585 3189 810 3255 desperet.
843 3188 957 3237 Nou
990 3188 1132 3236 aliter

123 3281 261 3337 atque
269 3288 359 3336 pro
374 3272 508 3335 siquo
531 3270 715 3335 favor-is
733 3270 895 3319 divini
915 3269 1126 3328 haberes,

126 3355 173 3401 si
197 3355 298 3418 ipse
323 3360 476 3400 tecum
502 3368 660 3401 coram
691 3351 1029 3418 colloqueretur
1050 3389 1063 3411 ‚
1084 3353 1131 3399 si

118 3433 366 3501 peculiare
404 3431 598 3498 aliquod
628 3430 810 3498 piqnus
857 3434 1129 3481 misericor-

37 3556 64 3576 „
126 3516 221 3563 ἀίω
248 3514 582 3580 qualecumque
616 3513 906 3562 miraculum
928 3514 1021 3562 tibi
1047 3530 1128 3562 ezc-

127 3595 331 3652 hiberet‚
369 3595 497 3643 decet
516 3595 573 3642 de
591 3593 669 3643 luis
681 3604 726 3644 te
750 3597 904 3660 siquis
930 3597 1125 3657 sentire,

126 3686 290 3728 uttam
313 3688 435 3728 certo
460 3678 652 3742 credas,
669 3680 747 3728 tui
774 3680 1019 3728 misertum
1031 3695 1128 3727 esse

1209 2456 1374 2505 Deum
1400 2493 1414 2516 ,
1435 2473 1544 2505 cum
1560 2457 1840 2522 beneficium
1861 2462 2043 2525 accipis
2066 2500 2078 2520 ,
2110 2478 2219 2510 cum

1203 2542 1478 2604 participas
1495 2556 1670 2587 meusoe
1688 2541 1952 2590 Domini...
1973 2544 2124 2591 Fidei
2136 2560 2219 2592 ea·-

1209 2622 1419 2669 citaudoe
1453 2623 1613 2685 qratia
1638 2624 1784 2686 siqua
1811 2633 1926 2671 sunt
1946 2628 2212 2690 proposita.

1212 2703 1490 2764 Probabilis
1511 2712 1554 2751 et
1573 2702 1647 2750 illi
1677 2705 1937 2752 voluntatis
1964 2716 2078 2754 suut
2099 2744 2111 2765 ‚
2132 2709 2220 2771 qui

1210 2784 1435 2849 symbolis
1461 2801 1543 2832 seu
1575 2787 1759 2833 tesseris
1790 2786 2085 2834 militaribus
2118 2789 2219 2836 haec

1209 2868 1349 2930 siqua
1377 2851 1770 2931 comparaverunt
1784 2903 1799 2926 ,
1820 2869 1945 2931 quod
1972 2878 2122 2916 esseut
2137 2887 2219 2918 Νο-

1211 2965 1273 2995 ·rAE
1295 2964 1470 2995 nurum
1491 2985 1504 3006 ‚
1531 2948 1706 3012 quibus
1740 2958 2094 3011 coquosceretur
2110 2987 2124 3006 ,
2154 2950 2219 2998 ad

1210 3046 1326 3094 quos
1334 3031 1635 3095 pertinerent
1649 3031 1994 3094 promissiones
2013 3031 2217 3081 divinas.

1281 3111 1350 3176 (2)
1369 3110 1422 3157 In
1443 3110 1653 3173 Confess.
1678 3110 1743 3157 ad
1761 3109 1921 3158 Carol.
1950 3111 2084 3178 Imp.
2103 3131 2216 3178 opp.

1209 3201 1323 3239 tom.
1349 3207 1408 3248 n,
1438 3208 1539 3255 pag.
1559 3187 1655 3256 477
1678 3229 1690 3250 ‚
1722 3194 1802 3256 qui
1821 3191 1935 3240 ibid.
1970 3210 2074 3258 pag.
2095 3191 2215 3257 541,

1209 3272 1387 3320 addidit
1430 3288 1444 3318 ε
1492 3270 1642 3318 Credo
1660 3308 1674 3332 ‚
1726 3274 1822 3319 imo
1872 3275 1969 3322 scio
1990 3309 2008 3336 ‚
2054 3278 2219 3324 omnia

1179 3352 1523 3417 ‘Sacramenta
1563 3361 1661 3400 tam
1713 3353 1870 3401 abesse
1910 3363 1965 3402 ut
2001 3357 2218 3423 'qratiam

1208 3433 1479 3496 conserant,
1513 3441 1567 3480 ut
1605 3449 1666 3481 ne
1709 3435 1915 3500 afferant
1953 3436 2146 3501 quidem
2173 3444 2218 3484 et

1196 3516 1495 3582 (dispensent.
1520 3514 1650 3562 Nam
1680 3517 1840 3579 qratia
1882 3518 1938 3565 'ut
1966 3534 1997 3564 a
2027 3517 2218 3581 Spiritu

1209 3597 1373 3645 divino
1404 3596 1549 3644 datur
1565 3634 1578 3656 ,
1605 3597 1677 3645 ita
1705 3596 1884 3646 donum
1917 3597 2050 3646 istud
2069 3597 2135 3645 ad
2152 3595 2217 3645 il-

1209 3677 1309 3727 lum
1345 3677 1495 3727 solum
1519 3679 1757 3744 pervenit.
1802 3677 1856 3727 V
1854 3679 1906 3727 ia·
1942 3687 2105 3730 autem
2144 3677 2219 3727 vel
