2540 4074
598 206 757 246 nar.
803 206 841 241 1.
891 202 1020 241 cn.
1063 203 1130 241 11.
1177 202 1247 238 nn
1289 199 1510 242 enum
1549 198 1935 239 nncnsslura.
2244 182 2317 240 19

226 346 509 409 naturalia
537 354 711 417 sunt3
758 342 808 401 si
841 342 1002 403 enim
1039 353 1177 401 sunt
1211 338 1668 422 supernaturalia
1699 383 1716 414 ,
1742 360 1813 399 ex
1845 350 2068 400 naturae
2109 341 2324 402 viribus

227 466 349 511 non
375 439 823 526 ,proficiscuntur
851 482 866 511 ,
894 447 954 496 et
980 458 1012 499 e
1035 457 1334 498 converso.
2151 491 2154 494 ⁴

311 535 412 597 34.
438 532 526 594 Ad
554 554 620 592 ea
648 553 784 593 vero
809 575 828 608 ,
850 550 977 613 quae
1004 530 1352 610 adiiciuntur
1375 551 1446 589 ex
1474 529 1654 588 Sacris
1683 529 1909 589 Litteris
1930 574 1945 604 7
1964 533 2131 607 juxta
2159 531 2326 611 prin-

231 629 376 712 cipia
405 627 623 686 ibidem
661 627 848 709 posita
888 636 947 685 et
985 647 1054 684 ex
1097 637 1219 684 toto
1265 633 1572 704 systemate
1625 634 1786 704 patet
1807 669 1823 700 ‚
1865 645 1959 683 eas
1998 645 2225 706 semper
2265 647 2330 684 ac

219 722 561 788 'necessario
602 741 930 802 supponere
952 721 1213 800 gratiam.
1246 719 1476 778 Etenim
1502 718 1549 775 si
1584 717 1809 776 homo
1795 740 1857 776 m
1887 719 2090 779 ordine
2113 719 2188 779 ad
2217 731 2329 779 sta-

232 831 360 903 tum
390 814 892 923 supernaturalem
917 826 1192 876 mortuus
1222 814 1284 872 in
1322 811 1633 893 Scripturis
1671 811 2012 892 perhibetur
2054 814 2143 893 (1)
2165 860 2180 889 ,
2219 836 2335 874 coe-

234 935 341 973 cus
377 911 465 993 (2)
491 955 508 986 .,
539 913 773 992 ineptus
806 911 930 970 sine
963 908 1143 990 gratia
1188 907 1580 997 praeveniente
1619 916 1679 964 et
1719 906 2007 965 excitante
2042 907 2116 965 ad
2158 909 2333 989 quid-

243 1007 402 1090 piam
444 1004 852 1086 cogitandum
890 1002 1209 1065 volendum
1246 1014 1305 1061 et
1350 999 1710 1083 operandum
1750 1000 1887 1079 (3)·
1873 1047 1889 1074 .,
1930 1002 1980 1059 si
2023 1014 2339 1111 praeterea,-

239 1100 463 1183 quoties
490 1101 677 1181 agitur
700 1098 775 1158 de
802 1097 916 1158 fide
939 1095 1366 1179 supernaturali
1393 1141 1409 1169 .,
1471 1094 1624 1154 trahi
1673 1116 1705 1153 a
1745 1097 1866 1154 Deo
1901 1094 2203 1171 dicuntur,
2243 1099 2342 1179 qui

240 1194 316 1254 ad
342 1194 640 1254 Christum
675 1193 921 1256 veniunt
943 1237 958 1266 .,
993 1213 1025 1254 a
1053 1194 1172 1254 Deo
1204 1191 1391 1251 edocti
1424 1189 1543 1269 (4),
1588 1190 1670 1248 ita
1701 1201 1769 1247 ut
1797 1192 1950 1249 Deus
1989 1190 2214 1250 dicatur
2243 1213 2341 1251 cor

243 1290 545 1373 adaperire
579 1311 817 1363 eorum,
847 1289 950 1371 qui
982 1287 1160 1349 fidem
1195 1288 1491 1369 excipiunt
1530 1284 1620 1366 (5)
1643 1331 1659 1360 ,
1698 1307 1793 1345 eos
1830 1288 2220 1367 praeordinare
2259 1290 2335 1348 ad

241 1388 424 1449 vitam
469 1397 744 1446 aeternam
774 1385 862 1466 (6)
886 1429 901 1459 ‚
941 1382 1088 1441 nulli
1125 1381 1368 1442 dubium
1411 1380 1644 1440 subesse
1681 1392 1912 1463 potest,
1955 1384 2098 1464 quin
2137 1385 2202 1442 in
2237 1384 2346 1443 ob-

237 1483 401 1561 Jectis
435 1481 603 1552 lociS,
642 1481 703 1543 in
732 1478 939 1561 quibus
966 1500 1156 1538 sermo
1188 1476 1432 1536 occurrit
1461 1475 1532 1534 de
1557 1475 1669 1535 fide
1698 1475 1934 1558 aliisque
1964 1477 2232 1557 operibus
2256 1500 2348 1538 sa-

243 1576 555 1648 lutaribuS‚
583 1573 1046 1653 subintelligatur
1070 1573 1250 1652 gratia
1272 1571 1666 1653 praeveniente
1688 1592 1754 1630 ac
1781 1570 2104 1653 opitulante
2133 1594 2200 1631 ea
2225 1594 2348 1633 esse

247 1670 577 1754 praestanda
598 1713 619 1742 ,
654 1669 1014 1730 cohaerenter
1040 1669 1116 1727 ad
1147 1667 1245 1726 illa
1270 1668 1553 1748 principia
1574 1711 1590 1741 7
1632 1667 1737 1726 etsi
1772 1666 1931 1726 nulla
1973 1688 2239 1749 expressa
2275 1668 2349 1728 de

248 1788 315 1826 ea
350 1766 575 1827 mentio
604 1774 903 1837 occurrat,
938 1774 1004 1821 ut
1030 1763 1247 1843 passim
1284 1762 1346 1819 in
1374 1760 1499 1819 aliis
1534 1762 1623 1820 fit.

332 1858 430 1916 35.
478 1856 646 1929 Quod
669 1855 909 1927 demum
937 1877 1009 1915 ex
1042 1854 1315 1936 Apostolo
1352 1855 1620 1931 objicitur
1659 1878 1673 1912 ε
1716 1857 1864 1915 Velle
1892 1858 2126 1933 adjacet
2156 1859 2345 1932 mihi,

248 1950 325 2013 ad
353 1971 607 2033 praeseus
637 1960 1048 2030 argumentum
1075 1971 1198 2008 non
1227 1948 1494 2008 refertur.
1539 1950 1655 2007 Nos
1686 1950 1845 2008 enim
1891 1952 2111 2030 agimus
2141 1951 2213 2011 de
2250 1974 2356 2011 ne·-

249 2048 508 2111 cessitate
542 2046 736 2126 gratiae
768 2044 845 2105 ad
867 2056 1027 2105 actus
1060 2044 1372 2117 salutares3
1415 2043 1723 2125 Apostolus
1761 2056 1958 2104 autem
1993 2046 2073 2104 ibi
2099 2046 2355 2128 loquitur

247 2141 324 2201 de
350 2141 520 2204 insita
548 2139 890 2203 infirmitate
917 2141 981 2198 in
1002 2139 1153 2199 lucta
1170 2184 1188 2214 a
1213 2160 1393 2220 quam
1414 2138 1592 2197 homo
1616 2141 1912 2221 experitur
1936 2141 1998 2199 in
2026 2141 2354 2223 superanda

249 2236 710 2316 concupiscentia
739 2279 755 2310 .,
780 2234 858 2295 de
892 2257 1007 2316 qua
1028 2235 1266 2295 inferius
1305 2233 1812 2315 pertractabimus.

334 2331 433 2393 36.
482 2333 625 2393 Inst.
654 2331 844 2391 Homo
873 2351 905 2388 a
935 2333 1054 2390 Deo
1086 2330 1195 2388 fuit
1216 2327 1403 2387 libero
1423 2328 1663 2388 arbitrio
1692 2330 2006 2388 instructus
2024 2374 2040 2404 ,
2071 2352 2352 2411 quorsum

252 2446 392 2487 vero
420 2424 529 2486 hac
555 2422 736 2486 libera
762 2422 1031 2486 facultate
1058 2423 1243 2506 pollet
1272 2467 1290 2497 ,
1327 2422 1374 2481 si
1403 2443 1473 2482 ea
1507 2424 1596 2482 uti
1633 2434 1885 2505 nequeat
1912 2424 1986 2482 acl
2023 2425 2203 2484 finem
2225 2471 2241 2500 7
2281 2425 2356 2485 ad

252 2541 427 2601 quem
453 2519 564 2579 fuit
591 2540 624 2579 a
662 2520 784 2578 Deo
815 2518 1086 2578 conditus
1110 2561 1131 2589 ,
1158 2519 1240 2576 ita
1277 2527 1344 2575 ut
1370 2516 1548 2576 homo
1573 2539 1805 2600 semper
1835 2540 1943 2600 ope
1969 2520 2163 2598 gratiae
2199 2519 2357 2579 indi-

257 2625 385 2692 geat
421 2613 496 2677 ad
521 2624 680 2677 actus
717 2610 1000 2673 salutares
1029 2610 1389 2672 eliciendos?

342 2707 441 2774 37..
488 2711 659 2791 Resp.
711 2709 791 2768 Ut
826 2707 1010 2770 libere
1060 2708 1253 2789 gratiae
1296 2707 1676 2790 praevenienti
1719 2718 1778 2768 et
1835 2702 2109 2770 excitanti
2161 2731 2361 2769 assen-

261 2802 436 2867 tiatur
455 2848 472 2878 ‚
505 2824 571 2863 ac
590 2801 794 2880 libere,
814 2804 996 2883 gratia
1017 2812 1366 2886 cooperante
1395 2801 1648 2881 adjutu3‚
1672 2802 1898 2865 bonum
1927 2815 2200 2883 operetur
2220 2850 2236 2879 ,
2261 2817 2352 2864 at-

263 2918 376 2979 que
407 2896 513 2961 hac
545 2899 770 2962 ratione
805 2899 982 2959 homo
1015 2909 1117 2958 aut
1145 2919 1207 2958 se
1243 2897 1514 2980 disponat
1549 2898 1623 2957 ad
1647 2899 2120 2976 justificationem
2149 2944 2165 2974 ,
2200 2911 2302 2959 aut
2330 2945 2349 2975 .,

261 2991 370 3053 hac
392 2992 607 3074 adepta
638 3036 657 3068 .,
687 2994 979 3054 meritoria
1005 3015 1179 3076 opera
1205 3014 1312 3075 per
1330 2993 1574 3074 gratiam
1600 2992 1810 3052 efficiat
1835 3038 1851 3068 ,
1887 3004 1953 3052 ut
1984 2992 2219 3056 uberius
2254 3016 2357 3054 suo

262 3085 388 3146 loco
418 3086 809 3150 ostendemus,
844 3092 1024 3149 Prout
1049 3090 1211 3149 enim
1243 3089 1480 3149 libertas
1505 3087 1785 3147 naturalis
1807 3088 2046 3150 facultas
2075 3102 2163 3150 est
2188 3137 2204 3167 ,
2236 3112 2358 3150 non

262 3179 567 3245 ordinatur
585 3184 698 3247 nisi
720 3184 797 3244 ad
816 3205 990 3267 opera
1013 3183 1292 3244 naturalis
1323 3183 1541 3243 ordinis
1559 3227 1576 3257 ,
1603 3182 1848 3244 minime
1872 3206 2011 3245 vero
2036 3185 2112 3245 ad
2142 3206 2319 3268 opera
2339 3229 2357 3259 ‚

336 3343 400 3407 (1)
432 3341 599 3410 Ephen.
622 3361 690 3412 11,
713 3362 734 3397 1
768 3364 783 3395 τ
817 3347 943 3396 Cum
958 3348 1118 3395 essetis
1139 3362 1269 3394 mor—
1417 3344 1487 3410 (3)
1522 3359 1559 3393 11
1591 3344 1697 3394 Cor.
1736 3362 1822 3407 ιιι,
1860 3343 1892 3395 5
1909 3363 1924 3413 3
1970 3346 2170 3414 Philipp.
2202 3365 2251 3408 ι,
2286 3344 2356 3412 ,65

266 3426 343 3473 tui
355 3423 538 3473 delictis
549 3429 807 3493 etpeccatie
819 3427 1269 3478 vestrimeraetiam
1351 3426 1490 3476 Rom.
1521 3444 1567 3474 1x
1586 3465 1599 3486 ‚
1635 3424 1717 3476 16.

268 3523 287 3553 1
317 3505 425 3555 Cor.
459 3523 495 3554 ιι
512 3542 530 3568 ,
567 3507 627 3572 14
651 3517 696 3558 et
721 3508 858 3559 Joan.
888 3525 1005 3572 vm,
1037 3509 1120 3574 34.
1421 3507 1489 3572 (k)
1524 3508 1661 3557 Joan.
1692 3521 1762 3569 vi,
1793 3506 1880 3572 44.
1965 3519 1968 3523 ’

334 3589 400 3652 (2)
437 3588 557 3638 thid.
593 3608 640 3653 v,
675 3589 709 3640 8
749 3608 763 3639 =
804 3589 978 3642 Eratis
1012 3590 1274 3659 aliquando
1313 3658 1316 3661 y
1423 3590 1488 3655 (ὅ)
1523 3589 1625 3640 Act.
1650 3605 1759 3651 xvi,
1794 3587 1873 3654 14.

265 3669 486 3745 mehr?-
1424 3671 1488 3737 (6)
1526 3671 1653 3724 lbid.
1678 3671 1763 3727 xm
1784 3707 1800 3734 ,
1827 3667 1915 3734 43²

2059 3751 2119 3809 2.
