2540 4074
379 271 490 329 116

1137 278 1330 317 TRACT.
1379 277 1446 314 DE
1461 334 1470 340 q
1489 275 1716 316 GRATIA.

373 468 375 470 .
452 428 590 487 239.
640 427 718 484 Ex
745 443 855 503 qua
881 420 1050 496 hujus
1085 415 1383 476 axiomatis
1427 413 1831 494 explanatione
1855 404 2049 481 'etiam
2079 410 2224 469 illud
2239 431 2439 471 ‘conse-

372 525 602 605 quitur7
648 515 854 575 scilicet
898 533 1102 593 parum
1148 510 1360 569 referre
1408 508 1528 567 sive
1567 502 1653 566 de*
1690 501 1904 568 ⁷'viribus
1957 519 2177 568 naturae
2218 505 2337 566 sive
2368 505 2439 564 de

370 615 585 682 viribus
622 613 812 690 gratiae
839 606 1212 684 intelligatur.
1262 602 1372 675 Qui
1414 601 1570 659 enim
1607 595 2004 661 diversimode·
2037 604 2226 682 ipsum
2256 601 2442 658 inter-

369 696 669 790 pretantur
697 748 712 777 7
760 700 947 760 verbis
990 698 1180 779 potius
1216 717 1391 776 quam
1431 715 1494 752 re
1539 695 1711 752 inter*
1745 716 1804 754 se
1843 695 2115 754 dissidere
2150 693 2439 754 videntur.

369 805 515 860 Nam
554 799 653 879 qui
695 796 765 855 de
806 793 1019 853 viribus
1057 802 1278 849 naturae
1314 787 1460 847 illud
1506 799 1744 846 sumunt
1770 834 1784 861 7
1834 809 1951 847 non
1989 788 2303 848 excludunt
2331 833 2347 861 7
2377 799 2443 846 ut

368 894 614 954 vidimus
633 936 648 965 7
682 890 935 969 gratiam
953 880 1351 944 medicinalem
1373 928 1388 956 7
1417 882 1489 940 ad
1521 881 1787 939 ardua-ac
1814 882 2126 941 difficiliora
2153 893 2442 964 praecepta

366 986 679 1058 servanda7
717 994 814 1042 aut
857 981 928 1039 ad
968 999 1164 1059 graves
1209 976 1452 1035 subinde
1494 977 1850 1034 incurrentes
1883 978 2230 1054 tentationes
2268 999 2443 1058 supe-

370 1080 576 1140 randas
603 1076 973 1136 necessariam
996 1119 1011 1148 7
1050 1095 1175 1153 quae
1198 1093 1267 1129 ex
1307 1071 1519 1128 Christi
1545 1071 1763 1130 meritis
1794 1069 2010 1147 datur(
2021 1062 2101 1151 1).
2141 1072 2218 1128 Eo
2246 1081 2443 1129 autem

369 1196 538 1232 sensu
574 1181 777 1232 vocant
816 1170 964 1228 vires
1010 1177 1231 1224 naturae
1253 1209 1268 1238 7
1320 1176 1602 1245 quatenus
1646 1164 1908 1222 actiones·
1934 1163 2213 1241 ejusmodi
2247 1166 2442 1242 gratiae

366 1268 695 1344 adjumento
726 1265 883 1321 factae
923 1283 1042 1319 non
1070 1255 1935 1341 praetergrediuntur*terminos
1979 1257 2210 1316 moralis
2239 1257 2444 1317 hones-

364 1362 494 1419 tatis
525 1385 539 1432 3
577 1370 634 1416 et
669 1358 746 1415 sic
783 1356 1060 1433 effugiunt
1104 1352 1501 1437 difficultates7
1547 1372 1672 1434 quae
1715 1353 1775 1409 in
1806 1351 2049 1409 aliorum
2090 1353 2443 1434 expositione

361 1464 653 1532 urgentur.
679 1451 785 1523 Qui
802 1472 937 1510 vero
957 1448 1029 1507 de
1056 1447 1273 1507 viribus
1298 1450 1489 1527 gratiae
1516 1448 1669 1505 istud
1700 1447 1935 1505 effatum
1958 1459 2228 1523 sumunt,
2251 1448 2442 1526 gratiae

364 1548 598 1605 nomine
627 1545 944 1624 significant
967 1542 1093 1600 illas
1115 1588 1130 1616 7
1157 1553 1223 1599 ut
1248 1543 1595 1620 Augustinus
1620 1553 1814 1614 vocat,
1848 1541 1980 1599 fidei
2006 1543 2405 1623 conceptiones
2422 1587 2438 1616 7

360 1662 487 1723 quae
518 1642 577 1698 in
613 1637 936 1697 infidelibus
966 1638 1103 1717 ipsis
1128 1636 1472 1717 quandoque
1494 1636 1864 1716 reperiuntur
1883 1681 1898 1709 7
1927 1647 1985 1693 et
2015 1634 2169 1714 largo
2190 1635 2440 1716 quodam

363 1756 532 1793 sensu
554 1734 626 1791 ad
650 1744 802 1791 actus
838 1731 1302 1812 supernaturales
1330 1730 1623 1789 infidelem
1653 1730 1969 1811 disponunt
1991 1729 2066 1788 ob
2090 1729 2439 1812 subsequen-

362 1841 446 1888 tes
471 1829 674 1907 gratias
692 1873 708 1902 7
737 1848 876 1908 quas
916 1826 1119 1907 accipit
1151 1825 1255 1905 (2).

358 1995 621 2041 necessaria
641 2030 652 2052 ,
690 2001 743 2039 ut
778 1991 953 2039 obicem
974 1991 1166 2057 peccati
1202 1992 1354 2055 impe-

363 2075 465 2121 diat
483 2112 494 2130 7
526 2074 599 2120 vel
613 2082 764 2138 potest
794 2090 889 2119 esse
907 2072 1042 2119 utilis
1060 2109 1072 2131 7
1105 2080 1157 2118 nt
1179 2087 1354 2137 pravas

356 2155 686 2219 dispositiones
717 2164 758 2201 et
790 2155 944 2211 vitia,
974 2170 1080 2217 quoe
1118 2151 1351 2199 hominem

362 2234 426 2282 ad
451 2252 587 2299 opera
612 2237 778 2299 qratioe
808 2235 1086 2299 ineptiorem
1116 2232 1351 2292 reddunt,

361 2315 608 2379 impediat.
645 2315 964 2377 Confirmatur
981 2351 993 2373 7
1018 2315 1134 2377 quia
1154 2351 1166 2370 7
1196 2314 1242 2360 si
1262 2312 1354 2360 ali-

355 2398 468 2459 quis
493 2395 682 2442 adultus
707 2398 899 2443 omnino
927 2402 1054 2442 caret
1085 2393 1173 2442 hae
1193 2396 1354 2457 qratia

361 2478 588 2523 excitante
603 2478 793 2523 interna
807 2512 824 2536 ,
852 2476 904 2522 id
930 2491 1027 2522 non
1043 2483 1107 2520 est
1115 2476 1352 2538 primario

361 2573 418 2602 ea·
432 2565 568 2619 parte
587 2556 708 2615 Dei,
737 2558 851 2620 quia
871 2558 971 2620 ipse
987 2557 1194 2602 maxime
1218 2557 1354 2620 eupit

361 2635 493 2682 illam
536 2638 752 2682 omnibus
785 2637 1019 2699 conferre;
1059 2653 1163 2699 erqo
1198 2646 1352 2683 est-eat

353 2724 491 2780 parte
516 2715 738 2763 hominis.
777 2716 936 2762 Causa
968 2725 1122 2763 autem
1142 2733 1199 2763 ex
1213 2728 1352 2781 parte

360 2795 567 2843 hominis
599 2812 696 2843 esse
732 2813 827 2843 non
850 2804 1028 2860 potest,
1068 2797 1191 2859 quod
1219 2797 1352 2844 illam

358 2893 455 2924 non
484 2885 714 2923 mereatur
733 2912 746 2934 7
777 2875 848 2923 vel
870 2876 932 2922 ad
962 2875 1093 2923 illam
1121 2894 1167 2923 se
1195 2894 1351 2925 mora—

355 2955 463 3004 liter
476 2974 572 3004 non
582 2966 822 3023 proeparet
839 2995 852 3017 7
873 2973 981 3004 oum
1003 2955 1056 3002 id
1075 2957 1233 3020 facere
1254 2978 1353 3010 non

356 3039 506 3100 possit
543 3047 650 3086 ante
684 3041 902 3103 primam
938 3039 1210 3096 anoeilium;
1249 3029 1354 3105 erqo

362 3115 510 3177 solum
554 3134 646 3164 esse
681 3107 830 3182 potest
867 3137 1042 3180 causa,
1080 3124 1194 3186 quia
1215 3125 1357 3187 ponit

364 3194 555 3258 aliquod
586 3198 972 3261 impedimentum
1007 3204 1175 3266 qratiae
1211 3202 1314 3250 Dei
1333 3220 1354 3263 ‚-

363 3291 470 3337 erqo
495 3293 518 3321 e
541 3280 775 3325 contrario
802 3281 1007 3330 conditio
1036 3285 1090 3330 in
1113 3283 1238 3330 dicta
1258 3283 1353 3347 que

363 3353 548 3402 inclusa
563 3355 712 3403 solum
734 3365 801 3404 est
817 3395 830 3416 ‚
858 3369 911 3406 nt
936 3361 1068 3410 homo
1094 3379 1190 3411 non
1201 3374 1350 3428 ponat

362 3433 536 3481 obicem
549 3437 716 3498 qratioe
737 3437 853 3486 Dei.
882 3440 1102 3506 Denique
1117 3443 1215 3492 hoeo
1235 3462 1349 3493 oon-

362 3513 482 3562 ditio
516 3523 583 3561 est
597 3517 870 3579 justissima
888 3556 900 3578 7
928 3529 973 3567 et
993 3538 1089 3569 non
1115 3533 1349 3590 repuqnat

361 3594 591 3658 diqnitati
616 3595 693 3642 vel
718 3595 992 3648 liberalitati
1014 3606 1181 3666 qratioe
1219 3603 1312 3653 Dei
1325 3623 1347 3667 ,·

353 3690 463 3739 erqo
490 3676 562 3723 ita
589 3683 656 3723 est
680 3677 1003 3742 intelliqenda.

422 3753 497 3819 (l)
529 3754 717 3806 Certum
754 3769 821 3807 est
858 3755 920 3809 in¹
944 3766 1148 3827 praesenti
1174 3748 1340 3815 rerum

1439 1990 1598 2038 ordine
1641 1990 1894 2055 quamlibet
1931 1992 2120 2054 gratiam
2159 1990 2256 2038 dari
2287 2008 2312 2038 a
2340 1990 2436 2040 Deo

1438 2089 1519 2135 per
1550 2070 1715 2119 Christi
1743 2074 1900 2119 merita
1918 2110 1931 2130 7
1965 2074 2043 2138 qui
2070 2071 2194 2119 dedit
2221 2075 2436 2137 semetip-

1438 2170 1544 2199 sum
1580 2153 1937 2216 redemptionem
1968 2170 2047 2217 pro
2083 2153 2320 2201 omnibus.
2352 2151 2437 2201 At·

1437 2243 1592 2281 tamen
1647 2236 1944 2281 accuratiores
1990 2233 2209 2298 Theologi
2269 2234 2433 2282 distin-

1437 2325 1622 2378 guentes
1652 2304 1845 2379 gratiam
1880 2317 2062 2380 proprie
2090 2315 2259 2363 dictam
2279 2353 2292 2375 ‚
2325 2331 2429 2381 quae

1436 2398 1594 2460 incipit
1634 2414 1658 2443 a
1699 2399 1933 2445 vocatione
1975 2396 2034 2444 ad
2069 2397 2242 2455 fidem7'
2269 2396 2326 2444 ab
2353 2397 2431 2444 illa

1436 2493 1536 2542 quae
1581 2477 1796 2525 tribuitur
1836 2478 2097 2526 infidelibus
2134 2465 2352 2541 negativis
2385 2487 2429 2525 et

1434 2564 1503 2605 est
1517 2560 1762 2621 improprie
1779 2559 1898 2606 dicta
1913 2575 1926 2620 3
1944 2558 2090 2606 solent
2103 2574 2209 2605 cum
2226 2556 2309 2606 SS.
2330 2556 2427 2606 Au·-

1433 2642 1610 2703 gustino
1631 2649 1675 2686 et
1697 2638 1911 2702 Prospero
1930 2642 2122 2702 priorem
2140 2641 2328 2703 gratiam
2348 2656 2427 2687 vo-

1433 2736 1535 2767 care
1560 2719 1765 2783 qratiam
1789 2718 1994 2778 Christi,
2023 2730 2100 2767 aut
2115 2721 2322 2782 qratiam
2337 2736 2429 2785 per

1438 2798 1683 2847 Christum
1702 2836 1716 2860 7
1747 2810 1824 2847 aut
1856 2802 1994 2847 etiam
2022 2802 2228 2863 qratiam
2258 2800 2426 2849 Saloa-

1433 2881 1577 2940 tori83
1610 2884 1897 2945 posteriorem
1944 2892 2095 2929 autem
2116 2919 2128 2942 7
2172 2898 2274 2948 quae
2295 2881 2429 2931 datur

1435 2963 1697 3010 infidelibus
1718 2953 1942 3026 ‘negativis
1958 2998 1974 3023 ,
2009 2973 2052 3010 et
2074 2966 2233 3028 inci-pit
2261 2963 2318 3011 ab
2339 2966 2430 3011 im·

1435 3044 1756 3106 perfectissima
1803 3043 1887 3091 Dei
1937 3047 2192 3108 cognitione
2211 3082 2225 3103 7
2272 3062 2430 3094 vocare

1436 3124 1580 3172 solent
1610 3124 1826 3188 peculiari
1859 3128 2047 3174 nomine
2070 3128 2279 3190 qratiam
2308 3125 2428 3175 Dei.

1435 3203 1533 3254 cfr.
1580 3206 1743 3254 doctus
1790 3205 1844 3253 P.
1890 3206 2051 3270 Steph.
2086 3205 2154 3274 De
2190 3207 2426 3274 Champs‚

1435 3283 1485 3332 S.
1514 3285 1561 3334 J.
1587 3284 1667 3333 De
1683 3285 1851 3333 hoeresi
1867 3283 2173 3337 Janseniana
2188 3324 2202 3348 ,
2223 3288 2307 3338 lib.
2338 3305 2391 3337 111
2412 3326 2426 3349 7

1435 3365 1553 3430 disp.
1581 3362 1645 3425 8,
1676 3383 1772 3430 cap.
1811 3383 1867 3414 12
1888 3357 1977 3426 7'n.
2006 3370 2035 3417 3
2063 3381 2105 3417 et
2132 3388 2293 3436 seqq.,
2329 3370 2426 3419 vol.

1434 3465 1518 3495 un.
1550 3446 1631 3497 fol.
1655 3447 1763 3494 edit.
1781 3446 1921 3497 Paris.
1948 3448 2073 3516 1728
2092 3488 2106 3510 7
2146 3450 2198 3501 P.
2225 3450 2422 3499 Sauciet.

1433 3526 1541 3576 Haec
1553 3538 1702 3582 autem
1719 3528 1945 3577 distinctio
1961 3549 2049 3595 prae
2063 3532 2204 3580 oeulis
2217 3531 2427 3581 habenda

1432 3617 1532 3669 est,
1567 3625 1673 3656 cum
1707 3609 1857 3657 lucem
1894 3611 2052 3660 afferat
2080 3613 2139 3661 ad
2164 3623 2427 3662 controver-

1432 3690 1519 3736 sias
1547 3701 1784 3754 sequentes
1813 3692 2104 3742 dirimendas.

1493 3769 1559 3834 (2)
1598 3769 1711 3820 Haec
1741 3771 1847 3822 sunt
1864 3771 1916 3824 S.
1944 3773 2187 3839 Augustini
2215 3774 2351 3825 verba
2374 3792 2427 3825 ex
