2540 4074
550 169 706 210 PAR'r.
751 170 790 208 1.
834 169 954 207 GAP.
999 169 1039 206 1.
1086 169 1153 206 ΒΕ
1195 169 1357 208 GRH.
1400 167 1698 219 Aenum·-
1745 171 1810 208 m·
1855 169 2022 211 DIVIS.
2300 151 2339 208 9

253 307 931 391 cursus‘supernaturalis
971 307 1046 366 ad
1085 302 1230 368 illud
1269 307 1492 368 bonum
1532 309 1850 377 volendum
1874 320 1936 370 et
1960 310 2304 372 eliciendum
2321 354 2346 386 ,p

256 405 330 466 ad
358 402 513 486 quod
539 423 644 484 per
679 402 921 480 gratiam
950 403 1410 484 praevenientem
1445 404 1727 464 excitatur
1750 403 2007 464 humana
2038 405 2304 467 voluntas
2323 451 2346 481 ,

259 500 393 581 quia
419 500 570 563 Deus
599 496 779 574 gratia
821 517 921 555 sua
958 496 1130 555 simul
1156 519 1288 557 cum
1314 497 1569 557 humana
1599 497 1778 558 libera
1806 498 2102 559 voluntate
2128 498 2202 558 ad
2238 498 2347 558 bo-

258 615 402 655 num
434 590 765 667 faciendum
799 603 1158 671 cooperatur.
1190 593 1311 651 Hoc
1345 593 1498 651 inter
1536 603 1843 674 utramque
1879 593 2119 672 gratiam
2161 593 2349 652 inter·

257 686 411 747 cedit
437 684 778 758 discrimen,
818 686 973 766 quod
1005 687 1183 765 gratia
1222 686 1585 767 praeveniens
1619 686 1952 746 immediate
1985 687 2047 746 in
2085 686 2352 746 intellec-

257 792 416 852 tum,
440 779 692 839 mediate
722 790 917 839 autem
959 791 1087 860 agat
1125 780 1187 837 in
1215 779 1606 849 voluntatem3
1653 782 1829 858 gratia
1871 802 2009 839 vero
2036 801 2348 863 cooperans

257 875 468 935 afficiat
498 874 715 934 directe
745 896 810 933 ac
849 873 1183 933 immediate
1215 872 1599 934 voluntatem.
1629 875 1685 932 Si
1710 886 1933 953 motuS,
1979 896 2119 955 quos
2142 876 2355 934 excitat

261 969 442 1050 gratia
469 969 828 1050 praeveniens
848 1014 864 1043 ,
898 978 1037 1043 sunt
1075 967 1289 1026 ordinis
1324 967 1774 1049 supernaturalis
1789 1009 1812 1040 ,
1839 979 1978 1026 tunc
2009 969 2155 1027 actio
2181 1014 2197 1042 ,
2228 990 2355 1050 quae

261 1063 489 1125 elicitur
527 1075 641 1145 'per
694 1064 937 1143 gratiam
993 1072 1437 1143 cooperantem,
1480 1064 1588 1121 erit
1629 1061 2123 1143 supernaturalis3
2192 1083 2352 1122 secus

244 1159 580 1218 consistent
608 1154 670 1216 in
710 1157 914 1216 ordine
950 1156 1227 1216 naturalis
1264 1154 1582 1215 honestatis
1606 1201 1622 1230 ,
1657 1167 1722 1214 ut
1755 1157 1816 1213 in
1857 1155 2185 1216 infidelibus
2216 1178 2357 1215 con-

264 1252 488 1332 tingere
527 1251 694 1312 solet.
751 1251 997 1333 Utrique
1048 1262 1242 1309 autem
1298 1251 1489 1328 gratiae
1537 1250 1708 1308 simul
1733 1261 2013 1331 sumptae,
2054 1262 2228 1332 prout
2258 1272 2358 1309 su-

265 1346 650 1428 pernaturalis
697 1354 814 1430 est,
874 1345 1147 1405 convenit
1189 1344 1286 1402 illa
1332 1343 1589 1403 definitio
1654 1346 1712 1402 S.
1758 1345 2093 1423 Augustini,
2145 1366 2358 1426 nempe

272 1441 452 1521 gratia
481 1452 568 1499 est
598 1443 919 1518 inspiratio
947 1441 1276 1498 dilectionis
1296 1484 1312 1513 ,
1346 1450 1417 1497 ut
1440 1444 1672 1518 coynita
1698 1450 1895 1497 saneto
1932 1460 2129 1497 amore
2154 1443 2357 1517 facia-

271 1557 409 1594 mus
447 1536 535 1613 (l)
561 1578 583 1606 ,
621 1557 723 1593 seu
747 1580 764 1609 ,
804 1546 870 1591 ut
896 1533 1033 1591 alibi
1065 1533 1220 1592 idem
1252 1533 1508 1614 loquitur
1535 1579 1551 1607 ,
1590 1555 1717 1613 quae
1764 1532 1968 1607 datur,
2019 1556 2137 1591 non
2171 1536 2360 1592 solum

270 1640 341 1687 ut
355 1631 641 1708 facienda
668 1632 1010 1687 noverimus
1030 1673 1045 1700 ,
1086 1650 1295 1686 verum
1315 1632 1498 1686 etiam
1523 1639 1593 1686 ut
1623 1633 1856 1708 coynita
1881 1632 2189 1706 faciamus
2211 1652 2233 1694 ,·
2256 1650 2360 1686 nec

271 1725 461 1786 solam
502 1735 574 1781 ut
621 1712 926 1802 diliqenda
977 1724 1290 1780 credamus
1313 1765 1334 1794 ,
1382 1743 1587 1780 verum
1626 1726 1805 1781 etiam
1849 1733 1919 1781 ut
1953 1723 2178 1781 credita
2219 1723 2363 1779 dili—

265 1837 487 1896 9amus
511 1816 599 1893 (2)
614 1861 629 1873 .

357 1911 453 1970 19.
502 1910 740 1970 Partitio
771 1910 950 1970 altera
977 1911 1146 1970 estin
1184 1911 1361 1990 gratia
1394 1912 1767 1988 sufficientem
1790 1923 1848 1970 et
1869 1914 2165 1991 efficacem.
2192 1913 2364 1990 Suffi-

274 2007 435 2065 ciens
462 2005 643 2085 gratia
673 2026 739 2065 ea
771 2004 979 2064 dicitur
1000 2050 1016 2081 ,
1046 2027 1174 2088 quae
1207 2016 1362 2065 caret
1403 2005 1608 2065 effectu
1635 2051 1652 2081 ,
1691 2028 1790 2066 seu
1824 2007 1912 2065 cui
1940 2006 2206 2069 voluntas
2246 2028 2366 2065 non

274 2173 453 2222 afficere
485 2172 771 2222 intellectum
793 2209 806 2232 ‚
853 2174 935 2238 qui
973 2172 1095 2220 solus
1140 2190 1280 2238 capax

275 2265 343 2304 est
370 2255 688 2303 illustrationis
709 2271 723 2317 ς
744 2271 794 2302 ac
813 2255 1014 2302 mediate
1039 2254 1178 2301 afficit
1202 2271 1281 2302 vo-

275 2336 499 2385 luntatem
517 2373 530 2397 ,
583 2346 808 2402 quatenus
858 2336 954 2383 haec
999 2338 1178 2383 motivis
1223 2334 1282 2382 ab

275 2419 512 2467 intellectu
552 2420 745 2482 cognitis
781 2426 991 2466 movetur
1018 2417 1075 2464 ad
1106 2416 1283 2482 aliquid

277 2500 526 2566 optandum
545 2517 599 2548 ac
615 2499 882 2547 volendum.
905 2496 980 2546 Sic
1004 2500 1138 2546 etiam
1163 2514 1283 2546 con-

279 2583 559 2647 cupiscentia
578 2619 592 2641 ‚
629 2598 708 2646 per
739 2590 892 2628 motus
919 2595 1027 2627 suos
1054 2578 1283 2627 indelibe-

282 2673 405 2711 ratos
421 2699 436 2721 ,
460 2665 644 2711 nonnisi
660 2663 855 2711 mediate
881 2672 925 2710 et
951 2661 1173 2709 indirecte
1196 2663 1285 2725 agit

283 2745 333 2791 in
365 2744 647 2793 voluntatem
669 2744 837 2809 ipsam.
869 2742 1017 2808 quue
1035 2743 1178 2807 poscit
1200 2760 1286 2789 na-

280 2833 382 2872 tura
426 2826 524 2890 ipsa
566 2835 780 2874 creaturae
822 2823 1058 2872 rationalis
1083 2860 1095 2883 ,
1149 2840 1249 2888 quae
1270 2860 1283 2883 ,

208 2922 210 2924 ·
281 2907 467 2954 nonnisi
526 2907 756 2955 mediante
806 2905 1039 2953 intellectu
1059 2941 1072 2964 ,
1118 2905 1288 2952 moveri

282 2997 428 3051 potest
453 2987 512 3036 ad
527 2988 698 3053 aliquid
716 2987 963 3036 volendum
982 2986 1057 3035 vel
1076 2987 1288 3051 rejicien-

286 3067 543 3121 dum.Cum
559 3080 794 3133 propterea
811 3067 1079 3126 affirmatur,
1096 3069 1288 3131 gratiam

279 3151 654 3214 praevenientem
705 3152 879 3214 operari
927 3149 1192 3196 immediate
1238 3150 1289 3195 in

284 3230 432 3294 ipsam
464 3231 752 3279 voluntatem
771 3268 791 3292 ,
831 3230 879 3279 id
906 3231 1096 3294 intelligi
1124 3229 1286 3291 debet,

289 3299 517 3376 quatenus*
529 3345 546 3372 ,
582 3318 637 3360 ut
675 3313 873 3368 diximus
892 3348 905 3371 ‚
950 3313 1000 3359 in
1026 3329 1163 3359 sensu
1207 3327 1289 3359 ve-

286 3401 461 3454 terum,
481 3394 623 3456 gratia
640 3395 920 3457 praeveniens
937 3402 1178 3458 utramque
1196 3409 1290 3456 gra·

287 3471 402 3522 tiam
474 3473 790 3538 complectitur
852 3473 1192 3522 illustrationis
1250 3480 1317 3522 et

288 3555 658 3620 inspirationis,
690 3572 771 3607 seu
787 3591 803 3616 ,
833 3566 884 3604 ut
923 3557 1192 3604 recentiores
1224 3554 1295 3603 lo-

289 3646 501 3702 quuntur
517 3674 530 3697 ‚
565 3638 754 3701 gratiam
767 3638 1139 3702 proevem'emem
1161 3647 1203 3700 et
1219 3651 1301 3684 co-

1361 2181 1645 2236 operantem.
1664 2170 1759 2219 Csr.
1782 2172 1910 2219 Zorzi
1930 2209 1943 2231 ,
1961 2171 2223 2219 Prodromo
2247 2170 2366 2218 della

1361 2269 1519 2300 nuova
1575 2252 1893 2318 enciclopedia
1939 2252 2142 2300 italiana
2157 2288 2173 2312 ‚
2228 2251 2367 2299 Siena

1370 2349 1495 2400 1779
1518 2370 1530 2393 ‚
1587 2333 1851 2398 Appendice
1911 2332 2097 2381 Grazia
2153 2333 2333 2397 efficace
2346 2368 2364 2394 ‚

1363 2433 1416 2464 n.
1446 2413 1476 2462 5
1506 2424 1552 2462 et
1585 2432 1716 2480 seqq.

1376 2480 1380 2485 .
1433 2495 1498 2560 (l)
1533 2494 1643 2544 Lib.
1676 2514 1724 2544 1v
1741 2531 1755 2558 ,
1778 2495 1842 2543 ad
1866 2496 2037 2560 Bonis.
2057 2513 2165 2556 seu,
2194 2493 2369 2542 Contra

1363 2578 1485 2627 duas
1511 2581 1647 2644 epist.
1685 2579 1856 2642 Pelaq.
1890 2597 1993 2643 cap.
2029 2576 2090 2637 5,
2120 2596 2172 2626 n.
2216 2593 2292 2625 11.

1432 2660 1505 2723 (2)
1539 2658 1749 2723 Deqrat.
1771 2659 1981 2717 Christi,
1998 2659 2081 2707 lib.
2102 2676 2117 2705 1
2132 2696 2144 2718 ,
2162 2675 2263 2722 cap.
2291 2673 2368 2720 12,

1365 2759 1418 2789 n.
1446 2741 1524 2788 13.
1553 2740 1661 2789 Haec
1682 2752 1746 2789 est
1775 2744 1924 2806 gratiae
1942 2741 2070 2799 idea,
2101 2756 2241 2805 quam
2264 2754 2372 2786 con·

1370 2831 1538 2870 stanter
1553 2822 1767 2886 praedicat
1783 2821 1830 2870 S.
1848 2821 2143 2886 Augustinus,
2166 2821 2244 2884 qui
2259 2853 2273 2877 ‚
2293 2817 2372 2864 De

1359 2912 1545 2970 peccat.
1575 2906 1773 2963 meritis,
1805 2904 1887 2952 lib.
1906 2920 1938 2950 11
1959 2940 1972 2962 ,
1992 2920 2096 2967 cap.
2125 2917 2202 2965 17,
2219 2919 2270 2952 n.
2285 2897 2368 2961 26,

1368 3003 1538 3034 munus
1574 2988 1723 3050 gratiae
1758 2975 2040 3032 demonstrat
2078 2986 2127 3030 in
2156 3000 2208 3030 eo
2243 2998 2369 3042 esse,

1367 3074 1423 3113 ut
1435 3068 1705 3125 innotescat,
1718 3066 1843 3129 quod
1856 3065 2044 3125 latebat,
2062 3063 2370 3127 etsuavefiat‚

1367 3147 1491 3212 quod
1513 3164 1610 3195 non
1633 3147 1885 3195 delectabat
1898 3167 1917 3206 ,·
1943 3158 1987 3195 et
2015 3146 2130 3193 ibid.
2165 3162 2268 3209 cap.
2294 3160 2375 3208 19,

1368 3246 1416 3275 n.
1440 3227 1502 3275 32
1522 3266 1535 3288 ‚
1568 3239 1697 3276 vocat
1722 3231 1911 3293 gratiam
1927 3237 2100 3275 certam
2126 3226 2376 3274 scientiam

1370 3316 1414 3356 et
1439 3310 1682 3357 victricem
1709 3309 2061 3357 delectationem
2084 3342 2165 3370 ,...
2188 3305 2338 3353 lucem
2357 3341 2372 3365 ,

1370 3407 1464 3454 qua
1494 3389 2064 3452 illuminantur-'tenebroe
2082 3427 2093 3448 ‚
2136 3396 2180 3435 et
2206 3387 2376 3434 suavi-

1373 3477 1544 3533 tatem,
1586 3489 1680 3537 qua
1718 3472 1802 3520 dat
1831 3472 2045 3536 fractam
2073 3485 2214 3517 saum
2250 3475 2377 3515 terra

1375 3559 1556 3602 nostra.
