2430 4056
518 206 675 244 mar.
722 207 784 244 11.
831 204 951 243 cn».
997 206 1062 241 11.
1110 207 1176 242 nn
1219 205 1659 276 Jusruemumiffn
1703 206 1864 247 nunu.
2109 186 2224 244 277

139 349 330 429 'posita
359 347 712 430 praescientia
743 347 1187 426 perseverantiae
1228 347 1463 406 finalis
1446 370 1509 405 ιιι
1544 369 1608 406 ea
1646 348 1869 427 gratia,
1910 367 1942 405 a
1975 367 2087 426 qua
2121 362 2224 405 vo-¹

146 443 256 501 cati
290 452 626 524 potuerunt
630 438 935 512 excidere,
968 440 1059 500 vel
1089 443 1382 522 supposita
1419 441 1774 522 praescientia
1816 439 2220 522 resipiscentiae

146 555 180 592 a
214 534 411 617 lapsu,
441 556 475 593 a
501 555 614 615 quo
649 484 1024 592 infallibiliter
1057 534 1366 594 revocandi
1401 546 1537 593 sunt
1573 534 1738 594 electi
1776 556 1846 593 ex
1878 533 2072 596 divina
2110 534 2225 592 mi-

146 627 450 688 sericordia
486 627 609 706 (1)·
594 672 611 700 v
643 647 707 685 ac
729 627 940 685 iterum
966 638 1148 686 cessat
1172 628 1498 688 difficultas

202 723 357 800 612.
404 720 488 780 Ad
536 721 643 795 2¹¹¹,
673 721 822 800 Ney.
858 719 943 778 Ibi
975 721 1134 780 enim
1158 742 1345 780 sermo
1388 734 1473 781 est
1513 721 1586 780 de
1613 720 2083 781 tribulationibus
2097 726 2224 799 jus-

139 827 332 874 torum
353 860 370 890 ,
405 812 612 895 quibus
648 813 781 873 licet
817 815 878 871 in
903 813 1010 872 hac
1044 815 1160 875 vita
1198 816 1308 895 ipsi
1335 826 1659 886 vexentur,
1709 838 1829 873 non
1869 822 2070 875 tamen
2113 815 2224 875 coI-

141 907 405 966 liduntur
425 950 443 983 ,
485 907 618 987 quia
650 909 810 967 Deus
846 911 1133 985 supponit
1160 930 1415 966 manum
1451 929 1628 966 suam
1658 907 1763 985 (2).

138 1051 142 1056 .
219 1001 358 1060 613.
383 1001 471 1061 Ad
494 1002 597 1075 31¹¹,
627 1003 780 1060 Dist.
808 999 917 1072 Qui
941 1011 1112 1059 natus
1143 1013 1231 1059 est
1257 1023 1327 1060 ex
1356 1005 1506 1075 Dec,
1538 1023 1658 1059 non
1690 1012 1914 1080 peccat,
1947 1001 2224 1081 quamdiu

139 1117 337 1155 semen
374 1116 438 1154 ac
474 1095 763 1174 generatio
809 1096 912 1154 Dei
958 1095 1020 1152 in
1058 1096 1181 1175 ipso
1220 1106 1456 1169 manet,
1497 1115 1684 1167 conc.;
1722 1095 1769 1151 si
1801 1094 2084 1171 ejusmodi
2119 1097 2224 1153 Dei

133 1210 331 1268 semen
353 1211 417 1248 ac
431 1190 859 1269 generationem
871 1211 976 1270 per
988 1200 1286 1270 peccatum
1293 1193 1483 1266 justus
1506 1187 1733 1266 abjiciat
1751 1234 1765 1259 ,
1795 1211 1923 1268 neq.
1954 1188 2221 1269 Alioquin

133 1305 254 1342 non
289 1284 605 1365 scripsisset
641 1284 928 1357 Joannes,
971 1284 1084 1356 ΙΙΙ,
1114 1283 1150 1341 7
1179 1327 1194 1356 .,
1223 1285 1286 1339 in
1325 1282 1433 1341 hac
1473 1284 1594 1364 ipsa
1631 1282 1879 1362 Epistola
1919 1305 1932 1339 ι
1975 1285 2225 1354 Filioli,

132 1399 300 1436 nemo
323 1399 434 1436 vos.
452 1378 723 1449 seducam
760 1388 817 1436 et
843 1400 855 1434 :
887 1378 1035 1435 Hoec
1060 1378 1253 1436 scribo
1279 1379 1441 1435 vohis·
1461 1422 1495 1451 ‚-
1522 1387 1593 1434 ut
1626 1397 1746 1434 non
1760 1382 2030 1454 peccetis,
2067 1377 2216 1435 Hinc

130 1473 389 1552 apposite
405 1471 812 1550 Hieronymus⁷
827 1468 929 1528 lib.
950 1472 1026 1545 ΙΙ,
1048 1471 1343 1530 Adversus
1356 1471 1405 1530 J
1401 1475 1758 1529 ovinianum
1761 1514 1780 1541 ,
1799 1470 2003 1528 eodem
2020 1492 2212 1529 errore

122 1566 431 1638 infectum,
459 1566 770 1643 interrogat
797 1586 810 1621 ε
859 1566 931 1623 Si
958 1569 1189 1636 omnis,
1214 1568 1324 1643 qui
1344 1575 1524 1623 natus
1557 1575 1639 1622 est
1662 1586 1732 1622 ca:
1755 1566 1874 1623 Deo
1888 1607 1911 1634 ,
1942 1585 2060 1621 non
2079 1586 2212 1642 pec-

122 1670 246 1732 cat,
272 1681 375 1717 nec
402 1681 440 1718 a
462 1660 692 1717 diaholo
714 1663 935 1716 tentari
946 1669 1133 1737 potest
1150 1701 1172 1730 ,
1199 1660 1480 1736 quomodo
1492 1663 1778 1737 praecipit
1788 1701 1809 1728 ,
1833 1668 1902 1715 ut
1928 1669 2173 1715 caveant
2185 1701 2209 1728 ,

121 1773 195 1810 ne
234 1763 533 1811 tententur
564 1751 706 1831 (3)?
746 1753 816 1810 Et
847 1753 904 1810 S.
950 1752 1298 1830 Augustinus
1325 1797 1341 1825 7
1374 1753 1452 1811 In
1492 1753 1691 1831 Epist.
1735 1753 1779 1811 I
1802 1753 2096 1825 Jmmm‘s,
2139 1752 2212 1811 de

115 1847 272 1923 justo
294 1846 373 1903 ait
399 1868 411 1904 :
447 1847 527 1905 In
571 1854 863 1924 quantum
895 1846 964 1903 in
992 1850 1119 1923 ipso
1149 1846 1427 1924 (Christo)
1455 1857 1686 1916 manet,
1717 1852 1786 1904 in
1821 1856 2058 1903 tantum
2082 1867 2203 1904 non

109 1950 318 2019 peccat
330 1938 436 2018 (4).
459 1940 657 2018 Itaque
680 1950 807 1996 tum
822 1938 940 1996 haec
962 1948 1089 1996 tum
1114 1938 1221 1996 alia
1251 1938 1530 2016 ejusmodi
1552 1940 1880 1998 testimonia
1904 1940 1967 1996 in
1996 1961 2167 1998 sensu
2185 1985 2201 2013 ,

119 2043 185 2092 ut
228 2043 437 2095 vocant
469 2077 485 2107 ,
527 2031 941 2135 reduplicativo
984 2032 1316 2113 accipienda
1355 2044 1532 2131 sunt,
1574 2034 1814 2092 minime
1850 2054 1990 2097 vero
2036 2032 2199 2091 abso-

99 2127 236 2187 'luto
269 2128 378 2208 (5).

200 2223 335 2281 614.
374 2222 473 2281 Ad
510 2223 612 2296 4¹¹1,
650 2224 809 2284 Dist.
858 2223 1002 2283 Non
1044 2235 1223 2283 erant
1263 2246 1333 2283 eoe
1371 2227 1540 2284 nohis
1570 2224 1893 2283 secundum
1929 2235 2203 2284 aeternam

115 2316 714 2400 praedestinationem
765 2338 921 2375 conc.
941 2342 957 2389 ς
1002 2339 1123 2375 non
1166 2330 1331 2376 erant
1378 2340 1447 2376 ex
1490 2317 1654 2376 nobis
1698 2313 2015 2377 secundum
2050 2324 2203 2377 tem—

114 2410 374 2493 poralem
398 2411 906 2469 sanctificationem
927 2433 1100 2490 neq.
1128 2413 1291 2470 ItaS.
1329 2413 1715 2490 Augustinus
1753 2413 1852 2493 qui
1882 2413 1943 2470 in
1971 2411 2073 2469 lib.
2106 2415 2199 2471 De

118 2507 285 2565 Dono
308 2525 535 2584 persev.
558 2504 681 2563 haec
712 2503 907 2564 habet.
950 2507 1116 2584 Quid
1135 2516 1219 2563 est
1235 2549 1255 2577 ,
1288 2527 1512 2583 queem,
1547 2527 1668 2564 non
1694 2517 1869 2564 erant
1889 2528 1959 2564 ea?
1987 2507 2197 2565 nohis?

114 2599 328 2658 Nonne
365 2604 605 2678 utrique
641 2621 681 2656 a
715 2601 837 2657 Deo
871 2604 1063 2657 vocati
1090 2603 1344 2676 fuerant
1378 2611 1432 2658 et
1459 2610 1758 2658 vocantem
1794 2605 2016 2671 secuti,
2043 2607 2199 2659 utri-
2246 2637 2256 2651 ·

113 2714 225 2772 que
244 2714 315 2751 ea:
340 2696 548 2772 impiis
550 2694 878 2772 justificati
887 2736 908 2764 ,
935 2704 1115 2772 etper
1140 2700 1448 2752 lavacrum
1473 2697 1933 2774 regenerationis
1960 2699 2197 2772 utrique

135 2884 246 2948 (l)
300 2882 399 2932 cfr.
465 2883 687 2933 Bernard.
740 2901 766 2931 a
835 2883 996 2933 Picon.
1058 2887 1109 2930 in
1187 2883 1408 2949 jiciuntur
1443 2901 1469 2930 3
1502 2882 1805 2930 Novatoribus
1834 2882 2194 2944 recentioribus,

0 2944 1 2989 3
35 2981 38 2984 ·
111 2964 238 3014 hunc
261 2965 350 3013 loc.
1191 2975 1234 3013 et
1280 2966 1391 3012 olim
1438 2964 1774 3028 objiciebantur
1816 2981 1840 3010 a
1893 2963 2137 3014 Joviniano
2178 2981 2193 3012 :

183 3046 246 3110 (2)
281 3044 884 3094 cfr.L0rin.1nhuneloe
903 3046 1109 3110 imoipse
1192 3045 1482 3111 Propterea,
1498 3047 1681 3109 inquit,
1697 3043 1848 3092 scribo
1863 3044 1990 3092 vohis
2011 3080 2026 3107 ‚
2050 3044 2194 3108 filioli

112 3125 453 3175 Rosenmiiller.
1193 3129 1290 3174 mei
1321 3145 1337 3173 .·
1374 3125 1576 3183 Omnis,
1609 3127 1696 3189 qui
1723 3134 1952 3186 natusest
1970 3142 2027 3179 ea·
2054 3126 2190 3189 Deo,

182 3207 242 3272 (3)
278 3206 340 3256 Ν.
377 3223 427 3256 2.
1186 3224 1282 3256 non
1304 3214 1500 3273 peccat,
1535 3213 1588 3252 ut
1620 3221 1717 3254 non
1748 3209 1950 3271 peccetis
1970 3244 1984 3268 ‚
2007 3215 2053 3254 et
2074 3215 2203 3255 tam--

102 3306 112 3318 ·
184 3289 258 3351 (k)
289 3288 446 3338 Tract.
476 3305 541 3349 lv,
559 3306 611 3338 n.
637 3286 686 3336 8.
1190 3289 1277 3336 diu
1302 3288 1467 3335 sciatis
1499 3302 1580 3335 vos
1596 3288 1652 3334 in
1668 3290 1969 3350 qenerationc
1993 3286 2195 3336 Domini

181 3369 248 3433 (5)
281 3369 433 3418 Placet
466 3369 587 3418 hanc
613 3371 953 3435 responsionem
999 3385 1107 3417 con·
1179 3384 1460 3435 permanere
1478 3405 1491 3428 ‚
1532 3367 1764 3432 quamdiu
1797 3384 1894 3417 non
1915 3371 2189 3435 peccaveri-

111 3451 292 3500 firmare
317 3453 454 3500 etiam
472 3441 735 3500 auctoritate
748 3450 799 3500 S.
814 3451 1103 3516 Hieronymi,
1187 3452 1263 3498 tis.
1295 3452 1450 3497 Immo
1474 3451 1560 3514 qui
1579 3451 1633 3496 in
1663 3452 1966 3513 qencratione
1984 3451 2199 3500 Domini·

111 3534 192 3598 qui
207 3531 310 3589 loc.
342 3534 422 3580 cit.
445 3535 509 3580 ita
537 3534 719 3597 exponit
739 3549 923 3581 sensum
943 3532 1107 3582 verbo·
1178 3538 1482 3597 perseverant
1499 3547 1724 3596 ‚peccare
1735 3547 1836 3579 non
1854 3542 2069 3598 possum.
2094 3531 2201 3580 cfr..

123 3629 224 3660 rum
254 3610 305 3662 S.
330 3612 551 3675 Joannis,
573 3629 675 3679 quae
711 3611 844 3662 nobis
865 3631 992 3664 nunc
1024 3613 1108 3662 ob·
1188 3613 1404 3662 Bellarm.
1424 3613 1513 3662 loc.
1546 3616 1621 3663 cit.
1651 3629 1753 3678 cap.
1784 3610 1859 3662 15.
1889 3680 1892 3681 γ
