2430 4056
183 252 297 311 152

929 264 1123 303 TRAGT.
1171 264 1240 300 DE
1283 264 1503 303 annu.

178 409 351 472 simul
386 407 564 467 amice
596 411 945 476 cons1stant7
984 412 1250 461 nostrum
1284 422 1407 460 non
1445 386 1535 463 est
1567 402 1857 463 curiosius
1878 401 2226 483 investigare
2249 449 2269 480 7

179 528 307 589 quae
335 496 690 577 investigatio
737 496 887 555 forte
922 516 1045 573 non
1076 497 1243 555 fieret
1272 493 1489 578 absque
1517 497 1710 576 gratiae
1745 495 1898 555 illius
1935 487 2273 558 amittendae

173 595 470 682 periculo7
503 612 610 673 pro
634 610 748 670 qua
776 588 1170 648 contenditur.
1200 589 1347 647 Cum
1371 609 1512 650 vero
1543 589 1716 650 haec
1700 613 1823 672 ipsa
1848 584 2091 650 Ecclesia
2123 591 2273 651 nihil

174 694 318 751 circa
342 689 491 746 hanc
525 684 811 743 rationem
842 682 1169 756 definierit7
1201 684 1418 763 poterit
1441 680 1689 766 quisque
1731 685 1783 746 ei
1813 687 2116 745 sententiae
2143 697 2271 745 tuto

171 784 458 844 adhaerere
476 825 491 854 7
546 799 721 859 quam
755 776 967 837 viderit
987 776 1195 836 melius
1222 776 1496 859 prodesse
1518 777 1594 836 ad
1614 781 1977 839 Novatorum
1998 792 2057 839 et
2072 783 2106 839 J
2111 801 2273 840 anse-

171 881 455 939 nistarum
478 874 840 934 difficultates
875 873 1240 952 repellendas
1272 873 1498 953 (1).1ta
1516 874 1616 932 fiet
1635 919 1650 947 7
1673 885 1740 932 ut
1765 876 2040 936 Catholici
2069 898 2272 937 omnes

174 972 408 1033 arctiori
431 972 583 1029 inter
610 990 730 1027 sese
764 967 981 1027 foedere
1008 970 1304 1046 conjuncti
1325 1013 1340 1043 7
1370 969 1542 1026 unius
1565 966 1703 1026 labii
1736 990 1800 1027 ac
1834 969 2019 1028 cordis
2045 970 2268 1045 effecti,

167 1066 498 1129 consociatis
540 1060 967 1145 quodammodo
997 1061 1216 1122 viribus
1241 1073 1300 1122 et
1332 1063 1540 1121 animis
1566 1107 1581 1135 7
1610 1060 1828 1121 felicius
1856 1062 2104 1144 praeliari
2132 1085 2273 1143 pos-

165 1164 282 1223 sint
310 1161 497 1243 praelia
536 1159 769 1218 Domini
811 1157 1085 1218 adversus
1129 1163 1224 1217 tot'
1261 1158 1396 1217 fidei
1434 1157 1853 1216 infensissimos
1903 1157 2132 1234 hostes7
2171 1159 2271 1241 qui

166 1257 349 1315 indies
408 1257 714 1332 insurgunt
762 1253 837 1311 ad
886 1252 1269 1313 evertendam
1297 1298 1313 1328 7
1361 1254 1404 1312 si
1460 1253 1584 1312 fieri
1628 1258 1824 1335 posset
1849 1297 1865 1328 7
1921 1251 2267 1330 Ecclesiam7

169 1373 343 1431 quam
386 1351 547 1408 Deus
574 1351 896 1426 aequisivit
916 1353 1213 1427 sanquine
1236 1370 1363 1407 suo.
1790 1345 1793 1349 ’

248 1443 383 1501 330.
431 1445 577 1501 Sane
601 1453 728 1500 tum
756 1442 1067 1501 Thomistae
1095 1442 1264 1522 longe
1293 1442 1507 1501 absunt
1536 1441 1609 1501 ab
1641 1443 1801 1502 omni
1831 1442 2270 1505 Calvinianismi

167 1538 521 1618 suspicione
549 1549 676 1596 tum
700 1537 1249 1618 Augustinianenses
1275 1559 1306 1595 a
1331 1539 1366 1596 J
1370 1559 1836 1613 ansenlanismo
1866 1549 1992 1596 tum
2017 1538 2271 1620 denique

168 1634 520 1712 Congruistae
559 1655 590 1690 a
633 1632 1243 1712 Semipelagianismo·
1229 1679 1244 1706 7
1294 1631 1552 1713 alioquin
1574 1678 1589 1707 7
1623 1634 1670 1691 si
1705 1618 1989 1711 ejusmodi
2024 1632 2202 1693 labe
2187 1656 2277 1716 lp-

163 1750 357 1786 sorum
394 1738 700 1805 systemata
728 1726 939 1785 infecta
968 1738 1207 1801 essent7
1238 1727 1482 1786 Ecclesia
1515 1728 1773 1808 profecto
1800 1749 1922 1787 non
1947 1720 2137 1787 solum
2171 1750 2268 1790 eos

162 1843 282 1879 non
337 1820 768 1880 commendaret
805 1866 821 1895 7
864 1813 969 1880 sed
1010 1773 1213 1903 procul
1261 1844 1292 1880 a
1334 1843 1394 1881 se
1442 1822 1737 1900 abjiceret.
1795 1825 1972 1881 Porro
2025 1824 2271 1882 Romani

164 1916 463 1974 Pontifices
506 1936 628 1972 non
656 1915 835 1974 semel
863 1937 959 1974 eos
983 1961 998 1990 7
1039 1938 1358 1998 eorumque
1383 1916 1711 1976 doctrinam
1734 1938 1800 1976 ac
1827 1916 2054 1976 labores
2082 1918 2273 1978 laudi-

165 2009 274 2068 bus
302 2010 651 2069 extulerunt.
692 2012 840 2069 Satis
881 2011 954 2069 sit
989 2011 1144 2070 inter
1180 2023 1368 2071 cetera
1417 2012 1799 2086 documenta,
1847 2033 1975 2094 quae
2005 2013 2265 2091 inhujus

165 2106 251 2163 rei
281 2107 778 2164 confirmationem
811 2106 1020 2164 adduci
1047 2118 1319 2187 possent,
1343 2107 1552 2166 afferre
1588 2107 1761 2167 verba
1794 2109 2263 2181 Constitutionis7

169 2221 341 2279 quam
370 2201 546 2258 edidit
574 2201 839 2259 Clemens
873 2203 978 2259 XII
1005 2201 1095 2261 die
1123 2203 1163 2259 2
1196 2214 1306 2261 oct.
1350 2202 1504 2261 1733
1534 2249 1549 2277 7
1576 2202 1787 2283 quibus
1812 2203 2091 2262 hactenus
2111 2201 2264 2262 dicta

165 2294 399 2352 mirifice
427 2296 900 2375 comprobantur.
935 2299 1001 2353 In
1033 2317 1098 2354 ea
1132 2298 1307 2375 igitur
1338 2298 1767 2356 Constitutione
1791 2343 1807 2372 7
1844 2318 1971 2378 quae
1995 2298 2205 2379 incipit
2252 2320 2265 2356 :

166 2391 212 2447 A
215 2392 508 2466 postolieoe
528 2393 961 2469 providentiae,
993 2393 1288 2472 praemissa
1316 2394 1614 2452 mentione
1642 2393 2088 2452 Constitutionis
2128 2395 2273 2453 Um·-

159 2488 430 2561 9enitus7
455 2486 535 2543 ita
567 2487 754 2566 pergit
789 2488 854 2544 R.
893 2487 1200 2546 Pontifex:
1241 2487 1369 2546 Nos
1400 2499 1667 2567 paterna
1711 2509 1940 2567 quoque
1979 2489 2271 2546 sollieitu-

169 2578 307 2634 dine
349 2583 694 2638 inhaerentes
734 2603 1087 2662 maqnopere
1135 2584 1396 2641 dolemus
1421 2626 1442 2655 ,
1500 2584 1767 2641 tenebras
1808 2605 1847 2640 a
1883 2583 2272 2641 dissensionis

234 2781 296 2845 (l)
335 2782 454 2831 Hinc
482 2781 703 2833 Alhertini
725 2823 737 2845 7
766 2785 880 2835 Ord.
904 2785 1056 2837 Praed.
1090 2788 1173 2837 De

164 2872 288 2926 qrat.
314 2864 494 2912 Acroasi
516 2883 613 2925 xiv,
636 2885 687 2915 n.
722 2866 778 2915 15
799 2878 842 2915 et
870 2866 927 2916 16
948 2886 961 2916 :
986 2869 1172 2934 Quam-

166 2960 339 3006 quam,
385 2949 568 3011 inquit,
610 2948 941 3010 infortunatus
985 2949 1172 3014 (faten-

169 3023 283 3070 dum
325 3029 512 3075 tandem
560 3029 795 3091 candide)
849 3034 1172 3094 conyreqatio-

168 3118 285 3150 num
338 3107 392 3152 de
435 3111 639 3158 auoeiliis
701 3097 858 3159 editus
911 3113 1028 3159 satis
1073 3130 1174 3161 rem

166 3186 355 3248 conficit
374 3224 387 3246 ‚
416 3189 543 3237 nihil
560 3191 736 3241 scilicet
761 3194 814 3241 in
845 3194 1092 3243 acerrimis
1112 3194 1173 3242 il-

164 3266 225 3313 lis
249 3267 653 3333 disputationibus
678 3275 732 3321 de
758 3276 855 3339 fide
871 3313 887 3337 ‚
927 3286 1076 3326 totum
1114 3276 1172 3326 de

164 3348 463 3414 adiaphoris.
475 3388 486 3401 .
495 3390 503 3401 .
512 3388 524 3402 .

160 3438 204 3476 et
231 3435 504 3480 reverentia
532 3452 643 3500 erqa
698 3439 995 3489 indemnatos
1034 3443 1164 3492 theo-

559 3354 642 3402 Ita
693 3374 765 3404 me
799 3362 972 3407 sentire
1004 3361 1186 3409 volunt-

1255 2807 1391 2838 amor
1415 2828 1428 2850 ,
1467 2792 1556 2855 qui
1601 2788 1805 2854 theoloye
1871 2790 2084 2837 mamma
2135 2789 2272 2838 cordi

1254 2889 1351 2920 esse
1394 2871 1549 2934 debet,
1578 2879 1623 2919 et
1648 2870 2039 2919 Jansem'starum
2070 2873 2268 2937 potissi-

1253 2970 1385 3001 mum
1424 2950 1555 3001 mala
1586 2970 1719 3001 mens
1742 2992 1755 3013 7
1791 2962 1845 3001 ut
1879 2953 2102 3014 videant,
2142 2951 2272 3000 nihil

1254 3034 1311 3082 de
1339 3038 1486 3083 veteri
1505 3034 1737 3084 Ecclesiae
1763 3036 1860 3098 fi'de
1890 3035 2024 3102 apud
2060 3051 2147 3083 nos
2173 3037 2267 3082 im-

1253 3126 1489 3165 mutatum
1512 3155 1526 3178 7
1549 3134 1634 3166 nec
1665 3117 1986 3183 Apostolicam
2007 3117 2177 3166 Sedem
2193 3134 2265 3165 se-

1254 3198 1632 3263 mipelaqianam
1676 3198 1893 3247 haeresim.
1938 3200 2096 3264 fovere
2113 3237 2127 3259 ‚
2183 3197 2268 3246 sed

1254 3280 1555 3330 scholasticas
1572 3283 1816 3347 opiniones
1825 3283 1953 3347 pati,
1974 3296 2097 3346 quw,
2115 3281 2158 3328 εἰ
2174 3283 2267 3346 rite

1254 3363 1597 3427 expendantur,
1618 3379 1777 3411 omnes
1803 3381 1860 3412 ex
1880 3381 2012 3429 oequo
2034 3370 2078 3411 et
2091 3364 2266 3428 qratiae

1245 3447 1566 3493 necessitatem
1591 3463 1647 3493 ac
1668 3447 1766 3493 vim
1789 3484 1802 3506 7
1824 3455 1868 3494 et
1883 3447 2081 3493 arbitrii
2107 3445 2265 3493 nostri

159 3510 386 3575 10903,et
418 3517 575 3580 pietas
600 3518 822 3568 adversus
863 3521 1163 3583 Ecclesiam,
1230 3528 1357 3592 jura
1400 3527 1524 3590 (hoe
1563 3526 1881 3577 Jansenianis
1917 3528 2129 3576 maxime
2158 3525 2262 3573 dis-

156 3611 262 3658 quoe
302 3596 516 3660 sinqulos
561 3598 689 3647 dicta
729 3618 817 3650 aua
853 3621 1164 3672 propuqnare
1235 3606 1413 3672 plicet)
1443 3610 1534 3657 rite
1574 3610 1850 3659 custodiunt
1883 3618 1930 3658 et
1950 3608 2160 3676 feliciter
2185 3623 2260 3655 eat-

154 3674 300 3724 libere
345 3679 501 3741 eini,t
551 3688 598 3728 et
640 3686 911 3748 perspicuoe
947 3690 1164 3737 veritatis
1239 3686 1444 3753 plicant.
2234 3699 2253 3704 ”’
