2540 4074
379 217 531 255 PAn‘r.
573 196 626 255 1.¹
658 215 778 254 cn.
826 210 1019 254 1ν.’1111
1062 211 1283 250 NATURA
1325 213 1399 248 nr
1433 210 1598 250 mv1S.
1649 209 1810 246 GRAT.
1859 209 1978 245 mc.
2101 185 2212 244 121

221 355 476 415 257.>1n
516 353 797 430 sententia
838 351 1306 431 Congruistarum
1348 348 1624 428 ejusmodi
1672 347 1981 407 inefficacia
2018 367 2051 404 a
2094 345 2216 404 solo

145 450 365 531 pendet
396 443 710 512 *voluntatis
738 445 993 505 arbitrio.
2075 463 2077 465 ’

224 545 363 604 258.
413 543 602 601 Nostri
642 542 898 600 muneris
938 541 1182 622 proinde
1217 551 1338 614 est,
1377 539 1565 621 primo
1598 537 1846 613 hominis
1883 534 2216 594 libertatem

145 638 251 698 sub
298 637 487 718 gratiae
535 636 788 694 motione
835 637 983 695 tueri
1029 635 1301 695 adversus
1342 637 1655 693 Novatores
1706 630 1770 690 ac
1814 629 2165 690 Jansenistas
2200 653 2216 701 ς

146 730 351 792 deinde
385 731 703 789 tentamina
734 752 1059 812 exponere,
1090 729 1345 811 quibus
1337 728 1620 805 theologi
1658 731 1823 803 juxta
1859 725 2220 801 uniuscujus-

142 845 253 911 que
289 824 495 883 scholae
520 823 768 905 placita,
802 826 993 904 gratiae
1023 823 1328 883 efficaciam
1357 843 1486 880 curn
1511 819 1776 878 libertate
1805 818 2100 877 conciliare
2125 815 2221 875 ad-

141 918 252 976 nisi
297 929 475 992 sunt·
528 919 695 977 tertio
735 918 983 999 denique
1022 918 1215 996 gratiae
1261 915 1590 974 sufficientis
1630 913 1992 972 existentiam
2031 910 2224 973 vindi-

143 1033 289 1071 care.
325 1013 460 1071 Haec
489 1024 682 1071 autem
713 1011 894 1071 tribus
918 1010 1300 1094 peculiaribus
1334 1007 1582 1074 articulis
1606 1005 2022 1088 praestabimus

934 1198 1317 1253 ARTICULUS
1393 1198 1439 1248 Ι.

878 1344 968 1402 De
1005 1346 1210 1421 qratia
1252 1341 1484 1417 efficaci.

225 1519 366 1578 259.
396 1503 752 1580 Novatorum
772 1516 1030 1576 doctrina
1053 1517 1199 1575 circa
1227 1527 1495 1574 naturam
1522 1515 1716 1593 gratiae
1737 1559 1751 1587 ,
1772 1535 1902 1594 quae
1925 1512 2221 1571 hominem

126 1608 460 1672 ¹necessario
498 1612 760 1694 impellat
804 1623 860 1671 et
899 1611 1089 1691 adigat
1127 1612 1198 1670 ad
1245 1610 1601 1692 operandum
1629 1655 1644 1684 7
1693 1608 2052 1667 connectitur
2094 1628 2222 1665 cum

143 1708 400 1788 ipsorum
429 1707 646 1766 theoria
687 1707 760 1765 de
784 1708 954 1787 primi
979 1707 1233 1787 parentis
1261 1717 1414 1763 statu
1442 1726 1503 1762 ac
1526 1705 1788 1784 sequenti
1814 1703 1978 1784 lapsu
2002 1748 2017 1775 ‚
2049 1723 2225 1782 quam

142 1823 314 1882 supra
352 1802 736 1883 exposuimus,
790 1803 934 1858 Cum
972 1802 1127 1858 enim
1175 1801 1348 1857 homo
1391 1820 1496 1879 per
1532 1811 1832 1879 peccatum
1872 1800 1933 1854 in
1970 1797 2226 1877 ipsorum

141 1893 448 1974 hypothesi
476 1916 709 1953 omnem
736 1895 1015 1975 actionem
1061 1916 1160 1952 seu
1184 1937 1204 1964 ,
1247 1904 1311 1950 ut
1346 1904 1589 1966 vocant7
1630 1896 1991 1949 nativitatem
2030 1890 2227 1956 volun.-

140 1988 275 2047 tatis
311 1988 567 2047 amiserit
602 2010 663 2046 ac
692 1989 877 2069 ipsam
904 1993 1234 2066 potentiam
1272 1986 1346 2044 ad
1380 1985 1696 2044 volendum
1735 1985 1796 2042 in
1824 1985 2023 2042 ordine
2050 1985 2226 2064 potis-

99 2138 104 2141 ,
142 2070 360 2141 simum
382 2082 455 2141 ad
481 2083 952 2160 justificationem
975 2128 990 2156 ,Ι
1026 2082 1197 2163 plane
1246 2081 1614 2161 consequitur
1638 2081 1942 2139 hominem
1970 2079 2226 2137 adinstar

142 2176 422 2236 machinae
458 2188 557 2234 aut
593 2176 796 2257 lapidis
825 2177 1150 2258 permoveri
1193 2198 1224 2234 a
1266 2179 1382 2233 Deo
1412 2175 1641 2233 debere.
1685 2177 1804 2233 Hoc
1834 2175 2185 2256 principium
2210 2218 2227 2248 ,

146 2271 303 2352 quod
339 2269 445 2329 sub
482 2270 591 2329 alio
629 2270 938 2330 verborum
974 2282 1252 2351 apparatu
1293 2269 1401 2327 sibi
1442 2270 1783 2327 Jansenistae
1825 2280 2180 2349 usurparunt
2211 2313 2226 2341 .,

95 2439 104 2444 .
145 2387 238 2424 eos
273 2366 489 2446 pariter
522 2358 762 2423 adduxit
795 2366 856 2422 in
890 2365 1156 2423 eamdem
1193 2365 1676 2422 consecutionem.
1716 2364 1855 2422 Inde
1887 2365 2044 2428 enim
2083 2366 2229 2421 Jan-

145 2459 335 2518 senius
386 2459 667 2517 theoriam
705 2481 867 2517 suam
914 2459 986 2517 de
1033 2469 1338 2538 systemate
1384 2457 1775 2515 delectationis
1836 2457 2074 2515 relative
2126 2479 2230 2537 per

145 2552 349 2632 gradus
385 2553 629 2614 victricis
649 2599 665 2627 ,
694 2574 808 2633 quo
839 2552 1015 2610 homo
1042 2553 1233 2633 lapsus
1268 2552 1582 2611 necessario
1622 2551 1693 2609 ab
1725 2552 2001 2610 alterutra
2044 2550 2229 2610 delec-

145 2648 359 2706 tatione
381 2693 396 2721 ,
445 2647 662 2708 coelesti
692 2659 791 2706 aut
824 2659 1077 2721 terrena,
1117 2658 1377 2726 ageretur
1406 2692 1421 2721 a
1454 2657 1748 2704 mutuatus
1778 2658 1883 2705 est.
1927 2648 2039 2705 Aut
2072 2648 2229 2705 enim

144 2741 320 2800 homo
360 2744 519 2800 omni
562 2742 870 2801 destitutus
913 2743 1221 2800 intrinseca
1258 2763 1321 2799 ac
1373 2742 1604 2823 propria
1640 2741 1952 2800 voluntatis
2003 2741 2226 2799 actione

147 2834 401 2894 dominio
427 2835 622 2896 subest
650 2837 895 2896 victricis
926 2836 1429 2917 concupiscentiae
1476 2847 1534 2895 et
1560 2837 1876 2894 necessario
1914 2836 1975 2892 in
2010 2834 2231 2893 malum

147 2951 211 2988 ac
245 2941 543 3010 peccatum
585 2931 809 2989 fertur·
795 2957 811 3004 ς
856 2942 955 2989 aut
997 2930 1196 2989 subest
1240 2931 1495 2989 dominio
1539 2930 1785 2991 victricis
1840 2928 2229 2987 delectationis

148 3023 429 3100 coelestis
467 3036 526 3083 et
556 3027 870 3084 necessario
905 3025 977 3084 ad
1012 3025 1234 3084 bonum
1281 3024 1526 3103 adigitur
1557 3045 1619 3082 ac
1659 3023 1888 3104 physice
1914 3023 2228 3104 praedeter-

148 3118 404 3206 minatur
453 3120 578 3198 (l),
620 3141 725 3178 nec
772 3121 974 3179 tamen
1013 3120 1119 3178 sub
1154 3115 1262 3179 hoc
1297 3120 1537 3200 imperio
1577 3119 1769 3177 meliti
1819 3129 1917 3176 aut
1965 3117 2230 3176 demeriti

147 3212 390 3293 incapax
422 3213 489 3271 fit
518 3214 626 3295 (2).
672 3215 790 3272 Etsi
825 3235 997 3288 vero
1029 3215 1074 3289 si
1097 3235 1220 3273 rem
1251 3225 1606 3295 spectemus
1643 3213 1993 3293 perniciosus
2023 3211 2115 3269 hic
2140 3233 2227 3270 er-

149 3326 246 3364 ror
267 3317 394 3364 tum
419 3307 801 3367 Novatoribus
828 3319 954 3367 tum
982 3310 1318 3367 Jansenistis
1339 3308 1659 3367 communis
1682 3307 1755 3364 sit
1781 3318 1996 3387 atque
2028 3326 2098 3364 ex
2127 3326 2225 3364 eo-

216 3495 277 3557 (l)
316 3495 381 3543 Ita
405 3474 671 3557 jansenius,
691 3497 778 3546 lib.
789 3515 907 3557 vm,
935 3497 1013 3546 De
1034 3515 1148 3562 qra-
1231 3509 1351 3546 tema
1385 3465 1798 3547 fusius-enucleare
1831 3497 2129 3547 tentabimus,

146 3577 217 3623 tia
260 3575 551 3638 Salvator-ia,
584 3595 683 3650 cap.
727 3578 789 3639 3,
835 3580 965 3645 cujus
1008 3579 1148 3627 verba
1295 3579 1472 3644 (2)Cfr.
1492 3579 1644 3629 Tract.
1663 3579 1742 3628 De
1758 3579 1863 3628 Deo
1884 3574 2228 3643 Creat.n.495

101 3726 105 3730 ι
147 3647 339 3706 inferius
358 3614 612 3721 dabimtis,
634 3659 734 3708 ubi
763 3661 898 3708 etiam
927 3659 1016 3708 hoc
1051 3677 1147 3725 sys-
1230 3672 1273 3711 et
1303 3678 1434 3728 seqq.
