2540 4074
530 159 691 198 mar.
733 157 774 195 1.
823 156 948 194 cu.
994 155 1061 192 11.
1107 155 1178 192 nr.
1219 153 1440 193 caum
1480 150 1862 194 usscnssrrxrn.
2174 132 2247 192 31

231 301 326 359 59.
374 297 459 358 Ad
485 297 595 370 5³²7
626 297 782 355 Dist.
819 297 886 353 In
914 293 1064 353 libro
1088 294 1412 356 viventium
1441 293 1504 351 in
1544 292 1746 353 ordine
1789 292 1864 352 ad
1884 293 2067 354 vitam
2103 305 2255 355 tem‘

149 395 407 478 poralem
425 436 441 467 7
467 412 656 463 conc.;
686 390 748 448 in
784 389 987 448 ordine
1009 388 1083 447 ad
1106 389 1289 449 vitam
1316 399 1624 465 internam,
1651 388 2055 470 ne9.Alioquin
2077 390 2252 448 nimis

150 489 422 572 probaret
445 531 460 560 7
496 506 665 567 posse
700 505 914 566 nempe
949 484 1284 566 quempiam
1314 503 1420 565 per
1456 504 1630 565 opera
1669 482 1967 543 moraliter
2005 482 2250 544 honesta

151 581 456 667 pervenire
485 579 560 638 ad
600 578 848 638 salutem
889 588 1171 638 aeternam
1201 577 1308 658 (l).

234 676 331 734 60.
380 674 468 734 Ad
505 675 610 748 6⁰¹7
654 675 809 733 Dist.
842 675 975 735 Non
1010 673 1236 732 excedit
1273 671 1603 732 naturalem
1625 671 1878 731 hominis
1921 671 2257 733 facultatem

150 770 450 854 physicam
470 815 486 843 7
511 790 700 841 conc.;
735 767 1017 828 moralem
1045 813 1062 842 7
1085 766 1166 838 ,de
1200 787 1316 848 qua
1343 766 1669 847 loquimur7
1701 788 1830 846 neq.

234 864 332 924 61.
381 863 468 924 Ad
496 864 533 923 7
538 879 604 938 ¹1¹7
631 865 789 923 Dz'st.
815 864 873 921 Si
898 861 1198 944 physicam
1233 861 1418 919 inesse
1451 859 1676 918 homini
1715 860 2127 940 impotentiam
2154 861 2256 921 do-

152 980 412 1020 ceremus
443 970 503 1018 et
531 959 693 1017 omni
721 958 897 1037 gratia
919 956 1220 1016 hominem
1251 954 1598 1015 destitutum
1617 1001 1632 1029 7
1662 966 1905 1035 urgente
1930 968 2216 1039 praecepto
2240 1002 2257 1034 7

155 1077 336 1129 conc.;
368 1054 414 1112 si
457 1052 739 1112 moralem
768 1062 1033 1125 tantum,
1074 1071 1181 1109 nec
1220 1050 1341 1109 sine
1381 1050 1598 1130 gratia7
1637 1060 1880 1129 urgente
1923 1063 2210 1132 praecepto
2241 1098 2257 1127 7

153 1149 454 1208 hominem
485 1170 608 1207 esse
647 1147 951 1220 docemus7
998 1166 1123 1224 neq.
1172 1146 1332 1202 Tunc
1359 1144 1516 1203 enim
1551 1142 1739 1202 solum
1778 1147 2042 1226 peccanti
2082 1146 2260 1204 facilis
2291 1141 2302 1150 ’

153 1242 510 1326 praeberetur
543 1243 831 1302 excusatio
854 1285 870 1314 ,
891 1241 938 1298 si
962 1261 1097 1299 eum
1126 1237 1390 1298 absolute
1418 1239 1803 1320 impotentem
1832 1239 1906 1298 ad
1931 1238 2118 1319 legem
2147 1264 2263 1301 ser-

156 1339 412 1399 vandam
440 1338 869 1397 adstrueremus
902 1381 918 1410 7
951 1356 1016 1394 ac
1041 1335 1166 1393 sine
1201 1335 1362 1392 omni
1402 1335 1597 1414 gratiae
1641 1334 1854 1392 auxilio
1877 1381 1893 1409 7
1928 1356 2059 1395 cum
2090 1358 2263 1416 grave

155 1433 388 1515 aliquod
416 1443 776 1514 praeceptum
803 1441 970 1512 urget
993 1475 1009 1504 7
1049 1451 1184 1488 eum
1216 1450 1338 1488 esse
1367 1429 1709 1488 diceremus.
1752 1431 1853 1488 Ast
1884 1429 1955 1488 ab
1995 1431 2085 1490 his
2126 1453 2264 1492 sen-

157 1527 312 1586 sibus
361 1526 636 1585 abhorret
675 1524 938 1583 doctrina
978 1523 1276 1582 catholica.
1320 1526 1504 1582 Nemo
1548 1524 1765 1605 quippe
1807 1525 1921 1585 nisi
1962 1526 2164 1585 volens
2200 1548 2265 1586 ac

157 1621 347 1679 libens
371 1631 604 1701 peccato
646 1619 1006 1700 inquinatur.
1050 1620 1238 1691 Quare
1278 1617 1708 1677 adhortationes
1746 1618 2264 1682 Rationalistarum

158 1717 376 1798 optime
398 1714 636 1795 quidem
666 1724 992 1793 congruunt
1017 1712 1350 1772 doctoribus
1374 1713 1863 1801 protestantibus,
1889 1717 1989 1797 qui
2017 1715 2230 1778 docent
2247 1764 2263 1793 7

156 1810 456 1869 hominem
481 1829 587 1888 per
615 1808 751 1866 Adae
779 1818 1081 1887 peccatum
1113 1829 1351 1865 omnem
1383 1809 1642 1867 amisisse
1672 1808 2005 1869 libertatem
2034 1857 2050 1886 7
2077 1833 2142 1871 ac
2166 1835 2267 1872 ne-

156 1904 419 1963 cessitate
450 1900 806 1960 ineluctabili
828 1901 902 1959 ad
929 1912 1231 1982 peccatum
1256 1900 1479 1982 impelli
1507 1946 1522 1974 7
1558 1923 1680 1959 non
1703 1913 1901 1962 autem
1922 1905 2217 1966 catholicis
2242 1953 2257 1982 7

157 1999 257 2080 qui
275 2043 290 2072 7
317 1997 426 2056 etsi
449 1996 700 2055 hominis
723 1995 870 2078 lapsi
890 1994 1347 2054 imbecillitatem
1369 1995 1688 2077 praedicent
1705 2044 1721 2071 7
1747 2020 2052 2081 nunquam
2068 2012 2267 2062 tamen

99 2098 103 2101 ’
157 2114 291 2152 eum
321 2093 535 2151 docent
561 2091 905 2151 destitutum
952 2091 1110 2148 omni
1142 2091 1378 2171 penitus
1411 2092 1606 2170 gratiae
1635 2091 1889 2152 subsidio
1910 2139 1925 2169 7
1965 2117 2097 2154 cum
2126 2118 2267 2179 prae-

157 2197 392 2269 ceptum
424 2186 632 2260 instat7
678 2185 753 2244 ad
778 2184 935 2266 quod
979 2185 1333 2246 servandum
1374 2186 1566 2266 impar
1608 2186 1705 2247 ille
1746 2189 1821 2246 sit
1847 2234 1863 2264 7
1908 2201 1976 2248 ut
2016 2191 2258 2251 inferius

158 2280 545 2340 adstruemus.

241 2376 338 2435 62.
389 2374 520 2452 Obj.
549 2374 742 2434 tertia.
783 2374 845 2431 1ο
869 2373 927 2432 Si
952 2395 1066 2455 qua
1087 2374 1331 2433 tentatio
1356 2374 1603 2434 difficilis
1632 2378 1852 2436 censeri
1875 2377 2051 2438 debet
2070 2424 2085 2454 7
2113 2385 2267 2458 ejus-

162 2470 322 2529 modi
348 2469 606 2552 profecto
630 2480 718 2528 est
743 2469 1115 2527 comminatio
1138 2469 1344 2527 'mortis
1382 2469 1778 2544 imminenti83
1801 2476 1924 2549 jam
1956 2495 2093 2534 vero
2116 2475 2268 2534 hanc

164 2565 297 2624 solis
331 2564 553 2624 arbitrii
596 2562 814 2624 viribus
852 2563 1153 2623 hominem
1188 2585 1466 2646 superare
1491 2586 1658 2645 posse
1688 2610 1704 2639 7
1746 2567 2053 2627 innumera
2084 2591 2266 2651 prope

165 2658 429 2741 exempla
449 2658 769 2718 ostendunt
789 2703 805 2732 7
833 2659 1022 2739 primo
1045 2658 1282 2740 quidem
1309 2661 1702 2718 Romanorum
1724 2705 1739 2735 7
1773 2662 1872 2742 qui
1895 2684 2016 2721 non
2041 2663 2267 2723 dubita-

163 2764 305 2812 runt
350 2773 411 2812 se
442 2755 656 2834 passim
693 2753 869 2812 morti
897 2753 1186 2815 devovere
1236 2775 1308 2813 ex
1351 2755 1554 2835 patriae
1597 2776 1795 2814 amore
1821 2801 1837 2830 7
1887 2759 2140 2817 secundo
2182 2769 2270 2818 tot

163 2847 568 2908 haereticorum
598 2859 658 2908 et
680 2848 1174 2907 schismaticorum
1194 2893 1210 2924 7
1239 2849 1338 2930 qui
1366 2848 1442 2907 ad
1471 2850 1717 2909 tuendas
1744 2871 1952 2931 pravas
1977 2874 2107 2911 suas
2137 2856 2266 2935 opi-

169 3038 217 3086 id
251 3048 404 3104 apertu
437 3038 637 3087 declarat
665 3037 721 3091 8,.
760 3036 899 3086 Joan.
934 3036 1172 3102 Chrysost.
1255 3040 1336 3104 qui
1369 3038 1513 3104 legem
1552 3041 1651 3088 sine
1690 3038 1860 3089 Christi
1890 3045 2150 3108 cognitione
2181 3046 2269 3094 ob-

170 3138 219 3168 n.
251 3116 285 3182 4
304 3129 355 3167 et
371 3116 426 3169 5.
557 3147 560 3149 >
1253 3127 1497 3170 servarunt
1527 3138 1541 3168 ε
1564 3119 1618 3169 Α
1642 3137 1740 3186 quo
1765 3120 1886 3171 libro
1905 3160 1919 3183 ,
1954 3127 2135 3190 inquit,
2157 3143 2269 3175 cum

240 3198 301 3263 (1)
335 3199 391 3248 ld
417 3205 541 3265 patet
580 3217 635 3248 ex
674 3209 771 3250 toto
809 3209 1026 3248 contextu
1045 3235 1058 3259 ‚
1093 3199 1175 3247 ubi
1256 3217 1440 3258 omnem
1455 3200 1692 3268 popu-lum
1718 3202 1866 3253 deleri
1882 3204 2075 3270 Moyses
2091 3217 2268 3256 metue-

171 3282 403 3346 duplicem
419 3282 660 3346 distinguit
682 3281 854 3330 librum
870 3318 884 3340 ,
904 3282 1174 3330 viventium
1255 3290 1354 3343 ret,
1382 3299 1431 3330 se
1450 3278 1672 3349 primum
1700 3283 1848 3334 deleri
1876 3285 2153 3353 deprecatus
2179 3298 2265 3339 est.

170 3380 338 3428 nempe
373 3373 417 3411 et
433 3363 698 3428 justorum.
728 3362 800 3412 Ad
826 3363 999 3412 librum
1026 3367 1174 3429 justo·
1258 3363 1495 3413 Metuebat
1521 3376 1676 3415 autem
1707 3366 1921 3433 Moyses,
1950 3386 2009 3419 ne
2034 3373 2169 3418 morti
2192 3371 2267 3419 da·

171 3461 275 3491 rum
296 3446 454 3492 asserit
479 3446 746 3508 pertinuisse
773 3461 870 3505 eos,
891 3445 1060 3512 quibus
1072 3448 1177 3512 jus·
1255 3454 1380 3502 retur
1405 3448 1629 3514 populus,
1665 3458 1802 3514 prout
1818 3448 1945 3501 Dens
1963 3453 2266 3501 comminatus

171 3527 272 3574 titia
292 3524 501 3573 Christus
525 3525 671 3573 factus
687 3535 783 3590 θείς
808 3526 867 3575 ad
895 3526 1069 3575 librum
1087 3544 1175 3576 au·
1258 3526 1422 3578 fuerat.

172 3616 266 3656 tem
297 3608 547 3658 viventium
566 3624 643 3658 eos
661 3609 935 3674 pertinuisse
954 3607 1174 3672 affirmat,
