2430 4056
749 327 1793 551 ‘TRACTATUS‘

925 702 1073 787 DE
1116 697 1606 786 GRATIA.
1670 716 1719 777 ς

851 994 1126 1063 PARS
1235 989 1677 1059 TERTIA.-

1103 1205 1175 1270 DE
1203 1203 1427 1245 MERITO.

297 1414 433 1473 620.
476 1412 512 1470 J
515 1421 674 1469 ustus
695 1455 710 1484 ,
744 1431 850 1491 per
882 1409 1217 1469 interiorem
1245 1407 1486 1486 gratiam
1511 1403 1867 1464 habitualem
1895 1398 2306 1464 sibi'inhaeren-

215 1518 337 1566 tem
360 1506 764 1580 sanctificatus,
798 1525 918 1562 non
953 1502 1140 1562 solum
1178 1503 1246 1560 fit
1269 1502 1452 1560 haeres
1495 1500 1628 1558 vitae
1651 1509 1909 1574 aeternae,
1948 1503 2106 1575 cujus
2138 1509 2197 1557 et
2214 1503 2306 1575 jus

218 1612 278 1660 et
311 1602 519 1682 pignus
560 1602 621 1657 in
663 1620 723 1658 se
762 1598 1143 1657 certissimum
1188 1594 1398 1669 habet,
1446 1594 1547 1654 sed
1588 1595 1651 1651 in
1688 1594 1919 1676 ‘Christo
1965 1594 2103 1652 Jesu
2148 1613 2310 1674 com-

207 1697 561 1774 plantatus,
598 1704 663 1751 ut
701 1693 955 1773 loquitur
983 1690 1287 1773 Apostolus
1324 1689 1439 1770 (l),
1475 1701 1683 1770 atque,
1724 1699 1792 1746 ut
1830 1689 1911 1746 ita
1937 1686 2155 1764 dicam,
2179 1687 2311 1745 ino-
2371 1689 2387 1702 ⁷

221 1788 439 1846 culatus
460 1834 475 1861 n
518 1788 818 1846 fructificat
852 1789 970 1844 Deo
994 1807 1099 1866 per
1123 1780 1296 1866 opera
1333 1796 1529 1842 sancta
1549 1830 1564 1857 .,
1612 1803 1737 1864 quae
1764 1784 1901 1841 Sunt
1926 1783 2144 1847 fructus
2178 1781 2312 1863 Spi-

220 1883 383 1941 ritus,
416 1883 531 1939 Hos
571 1881 784 1939 fructus
822 1891 1124 1939 enumerat
1158 1878 1496 1960 ApostoluS,
1527 1877 1722 1937 dicens
1764 1900 1777 1934 ε
1819 1879 2080 1936 Fructus
2116 1887 2313 1935 autem

222 1977 487 2053 Spiritus
520 1986 602 2033 est
640 1999 657 2031 :
682 1975 945 2032 charitas·
958 2017 982 2045 ,
1007 1975 1304 2053 qaudz‘zcm
1329 2016 1350 2043 ,
1376 1994 1508 2051 pam
1520 2015 1541 2042 ,
1566 1975 1860 2049 patientia
1882 2013 1904 2041 ,
1942 1972 2277 2049 benignitas
2289 2012 2311 2041 ,

220 2070 487 2139 bonitas)
534 2070 994 2147 lonqam'mitas‘,
1054 2068 1477 2135 mansuetudo,
1525 2067 1701 2144 fide-5,
1752 2066 2070 2135 modestia,
2124 2067 2314 2136 conci-

224 2166 461 2233 nentia,
497 2166 736 2219 castitas
770 2162 880 2239 (2).
911 2162 1010 2218 Est
1035 2161 1193 2219 enim
1221 2161 1396 2239 gratia
1431 2160 1793 2218 sanctificans
1830 2157 1990 2217 velut
2023 2178 2223 2216 semen
2249 2177 2314 2215 ac

222 2275 459 2332 germen
486 2255 616 2313 vitae
641 2265 867 2312 aeternae
887 2298 903 2326 a
953 2254 1113 2333 quod
1148 2254 1434 2312 evolvitur
1465 2255 1527 2310 in
1567 2252 1738 2311 corde
1769 2252 1911 2329 justi
1931 2295 1947 2324 ‚
1979 2262 2038 2310 et
2061 2251 2316 2331 erumpit

222 2350 285 2405 in
333 2359 555 2405 sanctas
601 2349 1002 2428 operationeS‚
1051 2346 1258 2427 quibus
1308 2357 1366 2404 et
1400 2346 1600 2405 crescit
1646 2347 1709 2404 in
1754 2346 1964 2427 adepta
2001 2346 2314 2404 sanctifica-

221 2441 380 2499 tione
403 2486 418 2513 ,
452 2452 512 2500 et
543 2442 783 2518 justitiae
815 2462 1087 2499 coronam
1124 2439 1230 2499 sibi
1273 2441 1615 2521 promissam
1654 2441 1832 2518 magis
1861 2461 1925 2498 ac
1965 2439 2142 2517 magis
2178 2459 2315 2519 per-

223 2535 367 2608 ficit,
412 2546 471 2593 et
508 2536 673 2594 novis
717 2535 1072 2594 ornamentis
1111 2535 1369 2594 cumulat
1407 2556 1472 2593 ac
1518 2535 1928 2616 praetiosiorem
1973 2532 2185 2592 reddit.
2248 2534 2316 2591 In

222 2628 312 2686 his
345 2651 514 2710 porro
557 2629 775 2688 actibus
815 2631 876 2687 in
908 2629 1129 2707 justitia
1177 2630 1338 2688 factis
1379 2630 1573 2688 meriti
1618 2629 1764 2687 ratio
1804 2628 2064 2687 consistit
2091 2672 2107 2701 .,
2162 2626 2318 2708 quod

224 2722 429 2804 incipit
454 2745 484 2780 a
513 2724 757 2802 gratuita
785 2722 1089 2792 collatione
1109 2725 1305 2802 gratiae
1333 2735 1462 2782 tum
1489 2723 1724 2782 actualis
1751 2734 1878 2781 turn
1909 2721 2314 2781 sanctificantis
2414 2701 2430 2779 s

227 2837 335 2898 per
360 2817 572 2876 Christi
606 2817 812 2875 merita
834 2862 849 2890 n
881 2837 945 2875 ac
969 2817 1180 2875 desinit
1210 2818 1273 2875 in
1303 2819 1484 2879 vitam
1508 2829 1787 2877 aeternam
1807 2863 1822 2891 7
1846 2817 2139 2876 mediante
2159 2814 2316 2874 fideli

224 2912 623 2992 cooperatione
664 2911 738 2969 ad
783 2910 1084 2970 ulteriores
1115 2914 1321 2990 gratias
1347 2958 1364 2989 ‚
1404 2935 1545 2994 quas
1575 2918 1764 2991 justus
1806 2913 1865 2971 in
1910 2911 2008 2970 tali
2041 2921 2196 2970 statu
2218 2930 2316 2968 ac-

224 3005 420 3082 quirit.
465 3007 534 3063 Et
568 3005 687 3064 haec
714 3005 954 3086 quidem
980 3006 1044 3063 in
1078 3005 1341 3065 doctrina
1376 3007 1672 3066 catholica.

306 3097 441 3156 621.
490 3099 701 3159 Contra
739 3121 878 3158 vero
918 3101 979 3157 in
1011 3101 1369 3159 Novatorum
1391 3132 1393 3134 ·
1415 3112 1726 3182 systemate
1758 3122 1848 3160 res
1896 3099 2120 3168 accidit.
2171 3100 2318 3158 Cum

223 3190 382 3249 enim
407 3192 469 3249 in
509 3194 754 3252 istorum
782 3194 1088 3276 hypothesi
1111 3197 1334 3274 justitia
1368 3196 1578 3255 Christi
1607 3218 1711 3277 per
1747 3195 1923 3255 fidem
1956 3193 2318 3277 apprehensa

226 3293 346 3342 tota
370 3287 618 3346 exterior
641 3289 714 3346 sit
735 3290 1117 3371 acimputata.,
1144 3311 1250 3349 nec
1279 3291 1517 3362 intimos
1543 3291 1728 3350 cordis
1753 3312 2005 3351 recessus
2023 3299 2312 3371 penetret,

224 3375 362 3436 hinc
390 3399 496 3437 nec
516 3388 740 3458 justum
770 3385 1089 3443 sanctificat
1119 3385 1313 3466 ipsum
1349 3384 1751 3444 transferendo
1794 3406 1866 3444 ex
1905 3395 2062 3443 statu
2102 3380 2317 3465 peccati

224 3470 287 3528 in
314 3482 532 3531 statum
557 3477 871 3536 sanctitatis
890 3522 906 3551 ,
942 3478 1044 3538 sed
1069 3500 1205 3539 eum
1226 3478 1506 3560 relinquit
1532 3478 1773 3538 interius
1794 3464 1857 3537 in
1875 3479 1992 3536 suis
2014 3474 2272 3537 sordibus
2295 3515 2312 3545 ,

288 3646 354 3712 (1)
376 3647 516 3698 Rom·
545 3666 626 3710 vt,
660 3648 708 3698 5·
1213 3674 1221 3679 -
1339 3638 1423 3717 (2)
1459 3651 1606 3703 Galat.
1638 3672 1703 3716 v,
1732 3669 1795 3702 22
1827 3661 1872 3702 et
1907 3651 1990 3700 23·
