2430 4056
402 139 549 181 rans.
595 142 680 182 111.
721 142 843 179 cu».
890 145 934 178 1.
977 139 1044 176 nn
1085 139 1355 178 nocuum
1394 139 1549 179 Ecce.
1596 139 1822 178 cA'rnoi..
1866 142 1987 182 nro.
2118 123 2236 184 285

157 285 412 353 merita,
439 303 572 361 quoe
604 291 748 341 sunt
781 282 974 359 ipsius
1003 280 1178 340 dona.
1217 281 1381 340 Hane
1406 301 1578 361 porro
1607 281 1873 342 eamdem
1910 282 2232 360 doctrinam

154 376 356 434 sanxit
379 396 504 434 can.
544 376 723 434 XXVI
755 384 814 432 et
842 375 1088 449 XXXII,
1123 396 1282 455 quos
1296 374 1535 433 inferius
1571 374 1857 435 dabimuS.

237 470 372 527 625.
399 471 621 529 Interea
646 488 717 527 ex
740 467 1017 575 'ejus-modi
1041 469 1394 550 expositione
1421 479 1480 527 et
1505 467 1932 528 definitionibus
1964 480 2228 530 constat.

160 562 221 620 1ο
253 564 448 622 Justos
489 582 622 623 vere
661 562 870 620 mereri
914 573 1288 641 augmentum
1347 562 1570 642 gratiae‚
1631 563 1811 624 vitam
1855 574 2134 625 aeternam
2177 575 2236 626 et

154 668 530 735 augmentum
559 654 779 734 gloriae.

160 793 162 796 -
230 751 368 808 626.
411 750 478 807 20
508 750 669 808 Hanc
710 749 971 809 merendi
1006 749 1282 811 virtutem
1319 750 1491 808 inniti
1525 751 1630 808 Dei
1659 751 2059 813 misericordiae
2088 798 2103 828 ‚
2135 755 2237 836 qui

0 854 6 858 Ὗ
48 913 51 916 ,
149 844 359 902 nostris
378 842 545 901 bonis
564 842 831 923 operibus
853 842 1588 903 aeternam-retributionem
1607 846 1947 923 promittere
1965 846 2232 926 dignatus

147 949 269 1010 est,
314 958 445 996 cum
473 938 753 1018 potuisset
792 937 888 996 illa
927 959 960 996 a
994 936 1159 995 nobis
1195 936 1417 1015 exigere
1454 936 1668 1017 absque
1698 938 1813 996 ulla
1835 939 2230 1001 retributionis

146 1053 266 1112 spe.
311 1033 497 1104 Quare
537 1033 753 1111 optime
788 1033 844 1089 S.
878 1031 1125 1089 Thomas
1156 1030 1397 1090 adnotat
1420 1076 1436 1105 7
1457 1033 1673 1093 .Deum
1695 1053 1815 1090 non
1851 1054 1963 1091 esse
1996 1038 2253 1120 faetum-

143 1127 493 1204 simpliciter
518 1126 832 1183 debitorem
855 1126 1023 1183 nobis
1045 1167 1065 1195 ,
1102 1126 1207 1183 sed
1227 1127 1520 1204 sibiipsi,
1553 1131 1619 1184 in
1644 1138 1939 1205 quantum
1970 1130 2234 1190 debitum

149 1230 230 1277 est
240 1262 263 1290 ,
293 1231 363 1277 ut
388 1240 498 1277 sua
522 1220 822 1278 ordinatio
851 1224 1174 1298 impleatur
1197 1220 1305 1297 (l).

221 1313 359 1372 627.
410 1313 476 1371 30
524 1315 688 1372 Hane
733 1315 969 1394 insuper
1025 1314 1396 1395 promerendi
1444 1315 1725 1374 virtutem
1776 1317 1949 1375 inniti
2004 1319 2227 1378 meritis

142 1406 353 1465 Christi
379 1450 395 1480 ‚
424 1427 455 1464 a
486 1405 693 1486 quibus
714 1411 1005 1484 justorum
1038 1429 1209 1488 opera
1237 1419 1425 1466 totum
1451 1430 1620 1468 suum
1646 1411 1920 1470 meritum
1962 1413 2225 1472 trahunt.

197 1501 354 1559 628.
400 1499 465 1558 4⁰
501 1502 762 1582 Denique
795 1502 998 1560 merita
1029 1504 1225 1559 omnia
1267 1514 1461 1560 nostra
1498 1524 1619 1561 esse
1656 1504 1807 1563 dona
1848 1507 1949 1564 Dei
1977 1509 2156 1588 ‚quia
2198 1530 2231 1567 a

111 1576 326 1673 ‘gratia
372 1605 499 1652 tum
544 1594 750 1653 actuali
799 1607 926 1653 tum
974 1597 1366 1677 sanctificante
1404 1618 1504 1655 seu
1545 1596 1822 1656 habituali
1860 1614 2226 1680 promanant.

140 1689 286 1747 Hinc
319 1690 536 1770 optime
571 1690 625 1747 S.
663 1690 1047 1768 Augustinus:
1084 1691 1231 1750 Cum
1263 1693 1424 1749 Deus
1444 1692 1717 1771 ..inquit
1750 1706 1991 1752 coronat
2016 1702 2230 1756 merita

139 1794 340 1840 nostra
354 1826 376 1853 ,
416 1784 575 1841 li
603 1785 779 1840 aliud
823 1795 1062 1842 coronat
1094 1807 1277 1863 quam
1314 1807 1567 1843 munera
1598 1808 1711 1844 sua
1750 1787 1859 1867 (2).
1901 1791 1981 1847 Ex
2024 1790 2228 1871 quibus

136 1876 309 1934 etiam
329 1875 531 1956 liquet,
554 1877 615 1933 in
643 1876 904 1935 doctrina
930 1878 1206 1937 catholica
1235 1878 1402 1951 valde
1421 1880 1817 1939 commendari
1842 1883 2229 1946 humilitatem

137 1969 504 2030 christianam
526 2014 543 2045 ‚
580 1971 819 2029 minime
850 1993 985 2032 vero
1018 1972 1242 2031 excludi
1263 2018 1278 2046 7
1319 1984 1383 2030 ut
1416 1974 1667 2032 clamant
1696 1978 2103 2038 protestantes.

215 2065 359 2122 629.
399 2066 501 2124 His
550 2065 686 2124 fidei
735 2064 1097 2144 dogmatibus
1147 2067 1384 2144 majoris
1440 2068 1709 2127 claritatis
1758 2072 1936 2148 gratia
2001 2072 2250 2133 addunt·

98 2137 103 2140 f
134 2156 411 2236 Theologi
431 2204 447 2235 ,
481 2161 755 2218 meritum
783 2159 1055 2239 distingui
1080 2162 1142 2220 in
1172 2161 1317 2219 illud
1336 2207 1351 2236 a
1385 2163 1541 2242 quod
1574 2176 1782 2224 vocant
1816 2167 1885 2223 de
1906 2169 2224 2246 eondi9n0‚

136 2263 194 2311 et
221 2252 283 2309 in
306 2251 451 2310 illud
473 2297 488 2326 ‚
521 2252 675 2333 quod
701 2254 770 2310 de
796 2274 1053 2332 eonyruo
1080 2254 1395 2335 appellant.
1414 2257 1575 2313 Prius
1601 2270 1687 2314 est
1706 2259 1978 2318 meritum
1994 2264 2226 2342 proprie

136 2344 389 2420 dictum,
424 2367 523 2404 seu
553 2366 689 2406 vere
716 2358 774 2404 et
796 2347 991 2406 stricte
1013 2347 1157 2420 tale,
1193 2349 1282 2406 eui
1308 2347 1519 2407 scilicet
1543 2352 1848 2430 praemium
1878 2352 1974 2412 vel
2007 2376 2224 2415 merces

136 2459 208 2498 ex
233 2440 455 2516 justitia
494 2450 592 2497 aut
617 2439 896 2499 fidelitate
926 2440 1168 2500 debetur
1194 2467 1209 2515 ς
1253 2446 1535 2523 posterius
1570 2455 1772 2503 autem>
1794 2456 1879 2504 est
1907 2447 2223 2530 improprie

136 2532 355 2592 dictum
380 2579 394 2607 a
434 2534 523 2592 cui
552 2554 683 2592 cum
706 2534 865 2592 nulla
893 2535 1039 2593 faeta
1063 2536 1233 2594 fuerit
1257 2537 1558 2616 promissio
1578 2582 1593 2612 7
1630 2537 1764 2597 hine
1788 2560 1856 2598 ex
1881 2541 2076 2599 stricto
2090 2547 2221 2619 jure

134 2626 283 2686 nihil
327 2627 571 2687 debetur
596 2672 611 2702 ,
657 2639 911 2709 spectata
950 2629 1323 2689 nihilominus
1354 2632 1529 2712 ipsius
1566 2620 1755 2712 operis
1788 2631 2048 2694 bonitate
2086 2658 2217 2697 con-

130 2742 337 2800 gruum
366 2743 430 2780 ac
457 2721 670 2781 decens
708 2723 936 2783 videtur
965 2768 981 2799 ‚
1008 2734 1072 2782 ut
1099 2725 1288 2807 aliqua
1320 2726 1607 2784 tribuatur
1633 2730 2041 2788 remuneratio,

214 2815 352 2874 630.
410 2817 542 2874 Haec
568 2816 861 2876 distinctio
893 2818 1168 2878 fundatur
1203 2822 1264 2895 in
1307 2821 1564 2880 doctrina
1597 2824 1865 2897 Patrum,
1895 2827 2220 2904 praesertim

133 2930 271 2970 vero
313 2911 367 2967 S.
400 2910 734 2989 Augustini,
783 2914 882 2994 qui
919 2914 1120 2988 docet,
1165 2915 1370 2996 impios
1413 2931 1517 2997 per
1552 2916 1723 2975 fidem
1763 2919 1972 2976 mereri
2014 2921 2221 2979 remis-

135 3003 357 3067 sionem
381 3015 781 3084 peccatorum3
808 3008 888 3065 ait
913 3009 1069 3066 enim
1097 3031 1110 3066 ε
1139 3011 1257 3067 Sed
1277 3031 1378 3068 nee
1397 3014 1529 3088 ipsa
1559 3015 1823 3068 remissio
1838 3024 2221 3089 peecatorum

134 3103 260 3156 sine
289 3100 489 3176 aliqu-0
516 3103 724 3158 merito
757 3110 869 3172 est,
901 3105 955 3159 si
986 3103 1127 3180 fides
1161 3104 1318 3162 hane
1340 3109 1635 3181 impetrat.
1659 3104 1865 3182 Neque
1901 3111 2060 3164 enim
2087 3108 2221 3167 mcl-

135 3193 263 3252 lum
284 3202 368 3250 est
388 3197 669 3251 meritum
687 3195 867 3273 fidei,
893 3216 1013 3274 qua
1035 3197 1148 3274 fide
1175 3199 1272 3255 ille
1297 3198 1527 3255 dicebat
1551 3219 1570 3256 .·
1594 3199 1755 3256 Deus
1780 3204 2086 3279 propitius
2108 3214 2220 3261 esto

132 3286 292 3344 mihi
314 3291 649 3365 peccatori,
692 3298 753 3346 et
790 3290 1090 3348 deseendit
1123 3293 1480 3370 justificatus
1516 3296 1720 3351 merito
1761 3293 1952 3371 fidelis
1974 3296 2219 3364 humili-

199 3584 270 3651 (1)
309 3602 353 3636 1.
381 3600 431 3647 2,
459 3604 507 3653 q.
537 3585 724 3652 u4‚a.
753 3604 771 3637 1
797 3624 814 3651 ,
844 3590 903 3640 ad
933 3590 982 3639 3.
1257 3591 1324 3655 (2)
1363 3584 1525 3656 Epist.
1564 3607 1712 3655 cxciv,
1737 3608 1840 3657 cap.
1872 3589 1902 3640 5
1923 3628 1937 3654 ,
1969 3609 2017 3642 n.
2043 3593 2148 3656 ¹90⁷
