2430 4056
2076 210 2191 275 165

365 235 526 273 PART.
570 236 611 271 1.
654 234 775 272 GAP.
816 234 900 272 IV·
947 233 1016 270 nt
1057 234 1284 272 NATURA
1328 235 1400 273 m·
1439 235 1607 276 mvls.
1650 236 1817 274 GRAT.
1858 237 1982 275 mc.

124 392 236 433 nus
273 371 476 434 melius
495 366 500 370 ’
519 361 776 451 cognosci
811 370 1012 452 nequit
1046 388 1220 453 quam
1258 379 1328 431 'ex
1363 371 1621 432 doctrina
1664 369 2097 454 pelagianorum
2126 381 2202 435 ac*

124 466 732 549 Semipelagianorum‚
771 463 1044 524 adversus
1079 486 1221 547 quos
1252 463 1473 544 agebat.
1505 466 1677 547 Atqui
1709 477 1932 526 certum
1960 477 2046 526 est
2064 512 2081 542 a
2106 477 2192 527 to-

123 569 245 619 tam
269 556 714 619 controversiam
734 601 750 631 ,
779 578 904 638 quae
928 559 1080 618 inter
1107 558 1212 618 hos
1247 568 1305 618 et
1341 560 1397 618 S.
1435 559 1813 638 Augustinum
1849 561 2056 639 agitata
2081 572 2186 634 est,

122 662 407 712 versatam
450 650 672 709 fuisse'
655 671 718 708 1n
769 671 870 725 eo
917 652 1071 732 quod
1106 652 1200 710 isti
1249 653 1470 711 sectarii
1517 648 1968 726 contenderent
2012 646 2190 713 talem

124 766 248 806 esse
278 745 560 837 gratiam,
591 766 719 825 quae
756 744 1082 804 hominibus
1121 748 1182 803 in
1226 746 1496 826 praesenti
1541 746 1868 806 conditione
1918 749 2185 806 concedi-

116 850 260 906 tur
305 839 393 897 cui
425 838 679 897 humana
715 837 978 899 voluntas
1011 840 1269 898 resistere
1315 850 1508 919 posset
1539 850 1637 897 aut
1676 839 2100 921 obtemperare3
2130 853 2189 900 et

36 926 38 929 ¹
119 931 274 1013 quod
309 951 342 990 e
369 943 566 990 contra
604 934 661 990 S.
701 933 1045 1012 Augustinus
1080 932 1230 998 hanc
1268 932 1615 991 sententiam
1658 931 1818 992 velut
1862 933 2186 993 haereticam

116 1024 508 1084 insectaretur.
545 1026 604 1082 10
624 1027 847 1085 Etenim
873 1026 1124 1105 Pelagius
1149 1025 1453 1084 admiserat
1477 1025 1716 1103 gratiam
1734 1029 2187 1104 possibilitatis,

114 1138 241 1176 cum
279 1139 389 1199 qua
413 1104 624 1177 scilicet
646 1118 820 1178 homo
849 1120 1026 1200 possit
1049 1118 1198 1178 bene
1221 1136 1417 1198 agere·
1404 1165 1418 1192 ,
1465 1120 1531 1176 20
1565 1118 1713 1177 hanc
1732 1122 2185 1198 passibilitatem

114 1211 354 1273 vocabat
381 1214 656 1291 gratiam3
697 1234 761 1272 ac
797 1213 860 1272 30
886 1211 1260 1294 profitebatur
1300 1233 1426 1272 eam
1455 1235 1486 1270 a
1518 1215 1635 1271 Deo
1676 1214 1920 1292 gratuito
1961 1212 2182 1271 tribui·
2166 1237 2183 1286 ς

114 1305 179 1363 40
211 1260 510 1383 adjiciebat
535 1318 805 1387 praeterea
832 1324 935 1387 per
958 1307 1197 1385 gratiam
1228 1327 1260 1365 a
1281 1309 1398 1365 Deo
1428 1326 1751 1365 concessam
1778 1306 2078 1365 hominem
2103 1323 2187 1364 sa-

111 1398 374 1459 lutariter
405 1422 568 1480 agere
595 1423 759 1482 posse
779 1446 794 1475 .,
817 1400 1131 1459 dummodo
1165 1400 1304 1462 velit
1330 1401 1519 1460 eidem
1563 1402 1753 1479 gratiae
1793 1401 2075 1459 assentiri.
2119 1400 2187 1457 50

115 1493 382 1553 Attamen
412 1495 466 1552 S.
507 1495 849 1573 Augustinus
878 1493 1154 1571 ejusmodi
1186 1494 1425 1573 gratiam
1452 1505 1781 1553 constanter
1825 1496 2019 1571 reJecit
2047 1538 2062 1567 .,
2117 1514 2185 1551 eo

112 1586 267 1667 quod
294 1609 411 1646 non
442 1588 715 1647 fateretur
740 1588 994 1667 Pelagius
1014 1587 1188 1646 talem
1228 1589 1466 1667 gratiam
1509 1610 1736 1669 semper
1769 1609 1890 1646 esse
1927 1608 2058 1645 cum
2093 1587 2185 1645 ef-

109 1682 261 1740 fectu
290 1687 675 1759 conjunctam.
715 1685 927 1742 Verum
953 1681 1013 1740 id
1052 1682 1394 1740 luculentius
1437 1693 1596 1762 patet
1640 1703 1709 1740 ex
1750 1693 2056 1761 systemate
2093 1681 2186 1738 Se·

108 1775 637 1856 mipelagianorum.
680 1778 746 1834 60
785 1778 884 1835 Isti
918 1777 1073 1835 enim
1121 1776 1504 1854 agnoscebant
1551 1776 1950 1834 necessitatem
1990 1775 2180 1852 gratiae

108 1867 395 1925 interioris
432 1868 505 1926 ad
536 1870 764 1927 initium
791 1870 923 1927 fidei
952 1881 1007 1927 et
1046 1869 1331 1927 bonorum
1354 1888 1627 1948 operum3
1662 1868 1792 1925 cum
1824 1880 2016 1926 tamen
2046 1888 2181 1924 con-

111 1959 445 2032 tenderent,
479 1961 610 2018 huic
638 1963 827 2039 gratiae
855 1977 1016 2041 posse
1051 1961 1347 2019 hominem
1374 1961 1556 2019 libero
1584 1960 1897 2019 voluntatis
1940 1959 2185 2018 arbitrio

108 2054 370 2114 resistere
397 2066 495 2112 aut
520 2053 952 2135 obtemperare,
979 2055 1042 2112 in
1073 2076 1138 2113 eo
1165 2055 1400 2112 inerunt
1425 2054 1672 2111 haeretici
1689 2099 1704 2125 ‚
1735 2075 1944 2133 eosque
1976 2055 2030 2111 S.
2065 2055 2181 2111 Au·-

99 2149 364 2226 'gustinus
393 2158 457 2205 ut
480 2147 621 2206 tales
655 2150 963 2207 insectatus
992 2160 1095 2207 est.
1133 2149 1198 2206 70
1238 2151 1385 2207 Nam
1417 2169 1487 2206 ex
1524 2148 1730 2206 eodem
1754 2149 1962 2205 Sancto
1984 2157 2144 2227 patet
2165 2190 2181 2218 ‚

108 2261 203 2299 eos
229 2241 406 2299 fassos
440 2241 608 2301 fuisse
640 2287 657 2316 7
688 2243 772 2300 ad
806 2244 1046 2301 nullum
1089 2263 1234 2322 opus
1282 2245 1506 2302 honum
1529 2245 1616 2302 vel
1646 2244 2066 2322 incipiendum
2099 2240 2189 2297 vel

1188 2431 1308 2494 quin
1336 2429 1481 2477 simul
1505 2431 1561 2477 in
1591 2430 1833 2478 Christum
1860 2428 2046 2487 credat;
2083 2443 2187 2474 mo«-

1188 2519 1377 2574 tumqae
1406 2509 1621 2575 Spiritus
1651 2508 1827 2558 Sancti
1865 2512 1937 2557 sic
1972 2525 2068 2556 esse
2090 2509 2190 2572 effi-

111 2431 294 2486 Istam,
324 2431 514 2493 inquit,
557 2431 765 2495 qratiam
800 2446 899 2477 non
940 2428 1108 2478 habuit

103 2511 292 2574 primus
334 2509 498 2572 homo,
545 2528 639 2574 qua
695 2527 940 2575 nunquam
979 2510 1109 2558 vellet

111 2607 205 2638 esse
243 2590 410 2639 malus.
458 2590 575 2639 Tale
608 2593 780 2656 quippe
824 2601 924 2639 erat
964 2593 1105 2657 adju·

113 2673 319 2732 terium,
349 2672 471 2737 quod
518 2672 745 2720 desereret
789 2690 898 2720 cum
940 2673 1103 2734 vellet,

122 2759 167 2799 et
195 2754 252 2800 in
275 2769 364 2816 quo
392 2764 691 2819 permaneret
717 2756 763 2801 si
798 2754 958 2814 vellet,
1010 2772 1106 2803 non

117 2848 208 2896 quo
225 2833 359 2896 fieret
392 2838 448 2881 ut
473 2833 604 2883 vellet
615 2851 637 2896 ,⁰
677 2835 758 2883 sed
780 2837 1018 2901 potentior
1040 2844 1109 2884 est

117 2917 277 2976 qratia
322 2915 376 2961 in
419 2915 624 2963 seeundo
664 2915 828 2964 Adam
850 2952 865 2977 ‚
925 2933 1024 2980 qua
1050 2918 1109 2980 fit

120 2995 262 3041 etiam
290 3029 307 3055 ‚
359 3003 412 3043 ut
464 2996 677 3045 velimus.
719 2997 897 3046 Deinde
940 2999 1107 3062 profert

120 3074 337 3123 Calvinus
369 3076 485 3125 ibid.
522 3077 644 3125 aliud
661 3089 975 3143 argumentum
993 3078 1107 3127 Jan-

121 3157 246 3202 senio
266 3155 666 3205 familiarissimum
695 3175 709 3206 :
739 3157 856 3207 Dico
876 3196 890 3218 ‚
920 3162 1107 3224 inquit,

118 3242 274 3301 aperte
282 3252 503 3300 puqnare
517 3273 533 3298 ,
554 3238 679 3302 quod
696 3238 774 3286 hic
779 3241 1109 3304 pronunciant

127 3314 411 3364 Tridentini
442 3318 614 3366 Patres
632 3354 649 3380 ‚
678 3336 787 3368 cum
816 3320 900 3367 illa
924 3316 1113 3369 Chr-isti

118 3397 345 3443 sententia
364 3407 381 3445 ἐ
409 3397 640 3464 Quisquis
674 3401 859 3448 audiv-it
901 3417 930 3448 a
963 3398 1107 3449 Patre

117 3492 219 3524 meo
235 3513 248 3534 ‚
265 3480 397 3525 venit
418 3478 483 3525 ad
497 3496 586 3528 me.
607 3480 738 3530 Nam
752 3518 765 3542 ‚
787 3490 842 3529 ut
843 3481 1108 3547 prudenter

117 3557 453 3607 animadvertit
475 3560 525 3608 A
528 3563 775 3625 uyustinus
790 3599 803 3622 ‚
821 3563 934 3611 inde
950 3565 1106 3628 sequi-

118 3643 224 3698 tur,
252 3639 437 3688 nullum
460 3657 497 3689 a.
523 3642 626 3693 Deo
642 3643 810 3692 audire
837 3652 882 3692 et
896 3645 1100 3706 discere,

1187 2607 1343 2638 cacem
1358 2626 1374 2652 ,
1402 2600 1456 2638 ut
1468 2592 1614 2655 fidem
1640 2608 1819 2656 semper
1835 2593 2021 2655 qiqnat.
2054 2588 2185 2637 Con-

1188 2674 1392 2719 stituunt
1403 2682 1558 2720 autem
1576 2673 1660 2720 hoc
1676 2675 1729 2720 in
1743 2673 1951 2721 hominis
1963 2674 2149 2738 optione
2168 2707 2182 2730 ,

1189 2762 1242 2800 ut
1259 2752 1359 2801 Dei
1387 2755 1700 2819 inspirationi
1717 2789 1734 2815 ,
1757 2756 1803 2802 si
1823 2753 1935 2802 velit
1953 2790 1966 2813 ‚
1987 2752 2179 2801 auscul-

1188 2843 1264 2881 tet.
1303 2832 1519 2882 Attamen
1564 2835 1659 2883 haec
1697 2835 1789 2883 duo
1822 2845 1929 2882 sunt
1953 2837 2180 2899 praecipua

1188 2914 1394 2963 Jansenii
1420 2922 1687 2980 argumenta
1707 2917 1718 2963 !
1750 2915 1839 2964 Sed
1861 2916 2080 2963 Calvinus
2099 2927 2189 2962 nee

1189 2998 1284 3060 ipse
1306 2999 1514 3044 inventor
1532 3007 1618 3058 est;
1658 2997 1820 3044 fatetur
1836 2998 1961 3043 enim
1985 2998 2186 3060 ingenue

1190 3094 1238 3126 se
1269 3078 1365 3125 haeo
1396 3078 1594 3125 hausisse
1635 3095 1660 3124 a
1694 3077 1911 3124 liuthero.
1945 3076 2013 3126 De
2044 3093 2183 3124 sensu

1190 3170 1341 3207 autem
1362 3159 1500 3224 hujus
1517 3157 1713 3222 duplicis
1731 3142 1944 3224 adjutorii
1957 3158 2040 3206 cfr.
2057 3158 2181 3206 idem

1190 3240 1474 3288 doctissimus
1501 3248 1657 3286 auctor
1673 3273 1686 3299 ,
1722 3238 1801 3286 lib.
1840 3253 1894 3286 1¹1
1913 3276 1927 3298 ,
1947 3239 2065 3302 disp.
2091 3254 2147 3285 111
2164 3274 2178 3298 ‚

1190 3326 1288 3385 cap‘.
1313 3318 1370 3368 13
1397 3330 1440 3368 et
1455 3336 1581 3385 seqq.
1600 3316 1695 3367 Cfr.
1721 3317 2176 3385 praetereaP.Franc.

1188 3400 1300 3449 Ant.
1328 3400 1552 3449 Zachariae
1573 3399 1623 3449 S.
1648 3400 1692 3448 J.
1728 3397 1800 3448 De
1822 3399 2055 3465 adjutorii
2085 3414 2179 3447 stur.

1188 3498 1271 3537 Quo
1301 3499 1385 3530 non
1420 3490 1466 3529 et
1494 3481 1726 3547 adjutorii
1753 3498 1836 3537 Quo
1864 3497 1974 3529 vera
1995 3496 2180 3545 qerma-

1187 3578 1338 3626 naque
1379 3563 1567 3610 notione
1607 3561 1816 3610 diatriba
1835 3599 1850 3622 ‚
1888 3563 1937 3610 in
1977 3560 2186 3628 ejusdem

1198 3643 1441 3692 Thesauro
1473 3642 1613 3692 theol.
1641 3652 1752 3692 tom.
1788 3661 1840 3692 v.

1714 3839 1737 3847 ο
