2430 4056
587 287 707 328 cn».
753 285 811 328 v.
859 283 921 324 m
964 284 1229 324 sumimus
1271 282 1573 328 msrum'rA
1615 285 1866 323 senous·
2159 261 2274 320 389

178 428 566 504 sacramenti,
603 429 650 488 si
686 426 952 487 minister
986 427 1146 485 intra.
1167 424 1388 486 ¹mentis
1431 425 1681 486 latebras
1709 421 2053 485 contrariam
2077 421 2276 481 inten-

175 524 397 584 tionem
433 532 665 602 gerat,
662 541 794 601 qua
836 519 983 579 nolit
1021 522 1310 579 actionem
1344 539 1508 578 suam
1541 541 1664 578 esse
1709 516 1888 578 talem
1915 512 2275 613 'Sam-amenti

177 619 503 691 actionem,
533 613 765 696 qualem
795 615 1061 676 Christus
1083 614 1339 672 instituit
1377 614 1485 693 (1).

182 764 186 770 Δ
259 712 402 772 200.
451 709 749 770 Catharini
773 710 1074 769 sententiae
1096 707 1468 768 subscribunt
1494 707 1756 807 plerique
1792 660 1941 766 Galli
1965 706 2251 786 Theologi
2259 751 2275 780 7

178 807 268 867 his
299 805 664 889 potissimum
694 804 987 863 rationum
1031 803 1344 862 momentis
1379 803 1678 884 permoti:
1731 805 1794 861 10
1833 805 1890 861 Si
1925 802 2280 861 Sacramenti

174 899 344 961 ‚valor
398 897 471 958 ab
509 898 768 956 interiori
808 897 1060 965 ministri
1103 897 1431 955 intentione
1483 895 1801 978 penderet7
1846 903 1972 974 J’am
2023 897 2280 977 pravitas

174 992 424 1053 ministri
477 992 731 1051 officeret
775 992 1133 1051 Sacramenti
1183 990 1401 1065 valori7
1451 1012 1610 1049 secus
1672 1012 1737 1049 ac
1786 991 2030 1064 Ecclesia
2075 991 2278 1049 doceat

176 1089 453 1149 adversus
471 1089 821 1149 Donatista&
842 1089 909 1145 20
923 1089 979 1146 S.
1004 1087 1376 1166 Augustinus7
1411 1087 1780 1145 Innocentius
1797 1089 1868 1145 IV
1886 1098 1942 1145 et
1957 1088 2013 1144 S.
2035 1086 2283 1144 Thomas

177 1183 474 1243 internam
497 1182 883 1254 intentionem
905 1182 1148 1240 minime
1168 1182 1474 1262 requirunt
1500 1181 1574 1239 ad
1603 1180 1857 1240 valorem
1890 1181 2248 1239 Sacramenti
2267 1226 2281 1254 7

175 1289 244 1337 ut
270 1288 495 1336 constat
522 1298 593 1336 ex
622 1295 822 1336 eorum
850 1276 1195 1335 testimoniis
1228 1297 1330 1333 suo
1355 1275 1480 1333 loco
1504 1275 1766 1333 adductis
1799 1276 1999 1354 (2)..30
2022 1276 2285 1333 Haeretici

175 1373 252 1432 ad
285 1372 571 1430 unitatem
604 1369 914 1429 redeuntes
957 1370 1391 1448 interrogantur
1430 1368 1506 1427 ab
1550 1370 1792 1428 Ecclesia
1832 1370 1903 1428 de
1951 1371 2190 1428 materia
2228 1381 2286 1427 et

175 1466 396 1540 forma7
447 1486 560 1546 qua
606 1476 986 1546 susceperunt
1029 1466 1433 1537 Sacramenta,
1477 1464 1627 1522 nihil
1670 1486 1808 1523 vero
1846 1465 1919 1523 de
1960 1466 2285 1523 intentione

175 1560 428 1619 ministri
448 1605 463 1634 7
490 1558 636 1619 cur?
667 1559 780 1617 nisi
818 1559 951 1640 quia
969 1560 1148 1618 ritum
1164 1559 1511 1618 exteriorem
1535 1561 1669 1617 satis
1696 1581 1819 1618 esse
1843 1571 2029 1641 putat.
2052 1560 2118 1617 40
2135 1559 2286 1618 Male

175 1654 505 1714 animarum
544 1653 700 1712 bono
737 1675 801 1712 ac
827 1653 1235 1734 tranquillitati
1259 1655 1648 1735 prospexisset
1674 1655 1934 1713 Christus
1957 1700 1973 1730 7
2005 1656 2051 1712 si
2090 1657 2290 1712 Sacra-

177 1760 514 1808 mentorum
550 1749 671 1811 vim
716 1770 748 1807 a
779 1748 1029 1807 ministri
1063 1749 1394 1808 intentione
1438 1749 1694 1829 pendere
1746 1750 2041 1810 voluisset.
2085 1749 2149 1806 50
2185 1751 2288 1807 Sa-

175 1855 475 1903 cramenta
510 1854 827 1924 operantur
850 1865 920 1904 ex
950 1865 1117 1923 opere
1137 1855 1390 1923 operato.
1425 1848 1626 1925 ltaque
1655 1856 1791 1904 sunt
1817 1857 1882 1902 ut
1904 1846 2052 1924 ignis
2071 1890 2086 1920 7
2114 1866 2289 1924 quem

173 1938 222 1996 si
253 1949 437 2019 stupae
480 1938 791 1997 admoveas
812 1984 829 2013 7
855 1949 989 1997 utut
1031 1939 1406 2000 vehem’enter
1450 1939 1600 1997 nolis
1622 1986 1636 2014 7
1691 1962 1818 1998 eam
1844 1941 2123 1999 accendit.

254 2031 395 2090 201.
441 2033 757 2091 Contrariae
794 2034 1095 2092 sententiae
1135 2033 1207 2092 de
1240 2036 1583 2093 necessitate
1624 2036 1912 2094 interioris
1947 2035 2290 2093 intentionis

174 2127 611 2210 adstipulantur
656 2127 917 2209 plerique
958 2128 1231 2206 Theologi
1274 2129 1407 2186 Itali
1446 2141 1885 2209 ceterarumque
1946 2131 2289 2203 nationum7

80 2240 85 2243 ’
175 2225 277 2304 qui
306 2223 397 2282 his
435 2223 617 2281 ferme
647 2223 1002 2300 argumentis
1039 2235 1306 2302 pugnant
1339 2245 1352 2280 t
1404 2225 1466 2280 10
1503 2225 1753 2280 Ministri
1784 2225 2291 2281 Sacramentorum

177 2328 317 2376 sunt
338 2315 591 2375 ministri
626 2315 840 2373 Christi
869 2326 927 2374 et
953 2315 1379 2395 dispensatores
1410 2317 1820 2395 mysteriorum
1857 2317 1997 2389 Dei3
2037 2338 2168 2395 ergo
2195 2338 2291 2375 eos

178 2422 414 2493 oportet
452 2409 670 2469 habere
699 2410 934 2491 proprie
965 2409 1179 2468 dictam
1208 2410 1597 2469 intentionem
1629 2411 1876 2469 faciendi
1910 2411 2054 2469 illud
2076 2457 2090 2486 7
2137 2412 2292 2493 quod

180 2507 438 2567 Christus
471 2505 744 2564 instituit.
783 2504 850 2563 Id
873 2526 1012 2565 vero
1052 2528 1171 2563 non
1200 2517 1438 2585 praestat
1459 2551 1474 2580 7
1520 2507 1617 2586 qui
1654 2506 1888 2564 simulat
1918 2507 2249 2566 ministrare
2274 2554 2288 2581 7

179 2602 300 2661 imo
325 2601 572 2683 positive
603 2599 857 2659 intendit
878 2599 1034 2658 nolle
1058 2599 1241 2659 facere
1263 2645 1278 2673 7
1317 2600 1473 2680 quod
1501 2600 1760 2658 Christus
1791 2601 2062 2659 instituit.
2087 2602 2153 2658 20
2178 2604 2293 2660 Eu-

182 2694 395 2777 genius‘
420 2697 493 2754 IV
530 2706 590 2755 et
616 2694 871 2754 Concilia
922 2695 1161 2774 exigunt
1190 2696 1250 2752 in
1286 2696 1554 2753 ministro
1591 2696 1981 2753 intentionem
2011 2696 2254 2755 faciendi
2276 2743 2289 2768 7

183 2790 508 2872 quodfacit
536 2790 815 2861 Ecclesia3
855 2789 956 2848 sed
983 2789 1228 2848 Ecclesia
1261 2812 1383 2847 non
1410 2790 1643 2848 simulat
1664 2835 1678 2862 7
1711 2789 1815 2848 sed
1836 2789 2292 2850 intenditfacere

182 2907 311 2946 rem
367 2906 605 2944 sacram.
647 2884 712 2943 30
749 2884 1076 2944 Alexander
1119 2886 1246 2943 VIII
1289 2885 1440 2943 hanc
1480 2886 1974 2966 propositionem7
2033 2908 2161 2966 quae
2206 2899 2294 2945 est

183 3002 249 3041 n.
268 2981 504 3055 XXVIII
521 3023 538 3054 ‚
565 2980 937 3061 proscripsit:
976 2981 1143 3042 Valet
1165 2982 1501 3059 baptismus
1526 2983 1772 3038 collatus
1796 3002 1831 3038 a
1849 2984 2126 3039 ministro
2145 3026 2160 3055 7
2187 2987 2302 3059 qui

186 3095 419 3135 omnem
435 3079 625 3134 ritum
645 3085 961 3134 externum
980 3120 997 3150 7
1025 3079 1409 3154 formamque
1428 3078 1786 3155 haptz'iandi
1797 3078 2066 3134 observat
2078 3120 2098 3147 ,
2129 3081 2293 3136 intus

187 3190 321 3230 vero
356 3173 425 3228 in
459 3170 630 3230 corde
669 3190 772 3230 suo
799 3171 972 3251 apud
1002 3191 1058 3229 se
1086 3174 1322 3230 resolvit
1362 3192 1381 3230 .-
1419 3192 1540 3229 non
1577 3172 1818 3229 intendo
1854 3175 2054 3249 facere
2075 3215 2098 3243 ,
2134 3173 2298 3250 quod

259 3401 325 3464 (l)
366 3399 466 3452 cfr.
501 3400 721 3452 Ambros.
769 3403 1044 3453 Catharinus
1067 3440 1079 3464 7
1128 3402 1208 3453 De
1290 3407 1480 3454 ciarum
1506 3405 1756 3455 Ambrosii
1774 3403 2033 3453 Catharini
2050 3440 2064 3463 7
2094 3403 2293 3451 ubiniti-

188 3485 465 3533 necessaria
506 3485 772 3533 intentione
801 3485 861 3533 in
897 3485 1210 3551 perficiendis
1292 3488 1397 3537 dius
1447 3490 1582 3537 eliam
1637 3487 1874 3536 Catharini
1911 3487 2187 3536 sententiam
2221 3500 2301 3532 ex«

189 3562 520 3614 Sacramenta}
537 3603 551 3627 ,
584 3584 720 3632 opera
749 3565 850 3616 Jac.
877 3567 1036 3634 Hyac„
1052 3566 1205 3634 Serry,
1292 3572 1445 3635 ponit.

190 3645 391 3704 Patavii,
425 3663 551 3715 1727
574 3663 589 3713 3
610 3650 694 3716 qui
716 3656 874 3714 postea
906 3648 1051 3698 edidit
1079 3637 1207 3699 aliud
1361 3650 1426 3723 (2)
1457 3648 1557 3700 cfr.
1589 3667 1689 3716 sup.
1722 3669 1774 3700 n.
1804 3648 1896 3699 153
1932 3658 1974 3698 et
1991 3663 2116 3713 seqq.

190 3743 336 3795 opus,
359 3730 436 3778 cui
466 3731 538 3779 tit.
593 3730 702 3779 fecit
731 3745 746 3778 z
775 3725 1023 3791 Vin-dicim
1045 3729 1207 3779 vindi·
1472 3741 1477 3743 ’
