2540 4074
497 200 654 238 mar.
703 201 745 236 1.
793 196 912 237 cn.
959 194 1001 238 1.
1049 200 1120 238 m:
1162 198 1326 240 amr.
1375 202 1498 241 Aer.
1536 203 1669 243 ivo-r.
1717 205 1784 243 m·
1825 206 1995 246 mv1s.
2280 190 2318 249 '7

218 337 600 402 subveniendi
650 336 873 400 naturae
903 341 1243 402 ‘infirmitati
1284 365 1390 426 per
1435 356 1735 426 peccatum
1791 367 1898 406 con
1910 357 2100 407 tractae
2116 337 2141 425 ⁸,
2190 349 2319 412 tum

217 437 516 496 hominem
542 435 773 517 lapsum
816 436 1158 496 restituendi
1193 437 1255 495 in
1294 449 1506 502 statum
1535 441 2034 521 supernaturalem
2055 488 2070 517 7
2100 464 2170 502 ex
2206 467 2320 526 quo

214 530 391 590 homo
425 531 548 610 ipse
575 550 685 611 per
712 529 852 589 Adae
890 530 1118 612 culpam
1169 531 1459 592 exciderat
1480 578 1495 606 7
1542 545 1606 592 ut
1651 535 1730 592 sic
1764 534 2006 595 idoneus
2042 537 2318 597 efficiatur

213 622 287 682 ad
316 635 474 682 actus
510 623 979 704 supernaturales
1016 619 1353 700 eliciendos,
1379 628 1479 708 qui
1508 629 1894 708 impetratorii
1925 629 2161 711 quidem
2194 653 2315 692 esse

188 728 456 800 possunt
479 717 904 796 justificationis
929 763 944 793 7
985 736 1104 778 non
1140 731 1339 780 autem
1367 721 1642 779 meritorii
1683 721 1860 802 ipsius
1882 725 2309 801 justificationis

212 822 315 869 aut
338 812 469 871 vitae
497 823 741 871 aeternae.
788 814 902 871 Hos
953 815 1143 886 enim7
1194 825 1261 872 ut
1302 825 1501 895 postea
1542 814 1868 874 videbimus
1894 861 1910 890 7
1955 840 2076 875 non
2122 829 2315 900 potest

210 902 386 964 homo
404 949 420 979 7
437 906 547 964 nisi
571 906 808 987 insuper
823 909 1002 986 gratia
1023 908 1417 968 sanctificante
1438 909 1510 967 sit
1539 909 1884 983 instructus7
1908 909 2131 971 elicere.
2157 915 2303 986 Qua-

211 1011 382 1059 tenus
429 1002 608 1080 gratia
645 1001 944 1060 hominem
981 1000 1210 1082 lapsum
1265 1013 1430 1061 sanat
1465 1001 1538 1061 ab
1579 1003 1917 1062 infirmitate
1941 1048 1957 1076 7
2006 1026 2179 1085 quam
2210 1027 2313 1087 per

210 1095 578 1154 amissionem
595 1096 730 1154 doni
755 1096 1096 1174 integritatis
1118 1097 1404 1155 contraxit
1423 1141 1439 1169 7
1465 1097 1631 1178 eique
1646 1095 1862 1177 praebet
1886 1098 2037 1156 vires
2065 1099 2138 1157 ad
2161 1099 2308 1160 bene

211 1189 538 1270 agendum7
586 1190 661 1248 ad
710 1189 1096 1270 superandasv
1137 1191 1488 1249 tentationes
1556 1200 1727 1271 atque
1776 1190 1849 1249 ad
1886 1191 2105 1251 malum
2138 1193 2314 1252 decli-

207 1284 472 1343 nandum
504 1329 519 1357 7
560 1285 738 1364 gratia
788 1280 1169 1343 medicinalis
1203 1296 1612 1366 nuncupatum
1642 1297 1923 1366 quatenus
1963 1298 2154 1346 autem
2202 1288 2310 1346 ho-

209 1379 428 1438 minem
466 1379 656 1438 elevat
681 1378 754 1437 ad
792 1389 1008 1438 statum
1038 1379 1542 1460 supernaturalem
1562 1424 1580 1455 7
1617 1381 1796 1459 gratia
1827 1382 2164 1440 elevationis
2202 1405 2306 1442 vo-

208 1477 322 1531 cari
351 1471 668 1532 consuevit.

294 1567 388 1624 15.
438 1568 712 1639 Quamvis
741 1568 954 1648 passim
984 1576 1297 1647 utrumque
1332 1567 1584 1626 officium
1612 1566 1783 1625 simul
1820 1568 1999 1646 gratia
2028 1579 2303 1649 praestet'7

213 1670 474 1719 attamen
499 1659 614 1718 duo
638 1660 762 1719 haec
793 1660 966 1719 simul
992 1662 1330 1742 permisceri
1357 1683 1476 1719 non
1501 1660 1721 1719 debent
1740 1706 1755 1734 7
1783 1681 1915 1719 cum
1942 1684 2013 1720 ex
2045 1662 2147 1721 tali
2173 1685 2308 1744 per-

203 1756 482 1815 mixtione
511 1776 618 1813 nec
656 1776 837 1835 pauca
885 1777 993 1814 nec
1028 1755 1179 1814 levia
1216 1754 1584 1814 incommoda
1624 1756 1905 1814 oriantur.
1953 1757 2098 1815 Fieri
2138 1759 2297 1816 enim

206 1858 400 1931 potest
417 1895 432 1924 7
453 1861 518 1907 ut
534 1852 713 1928 gratia
738 1850 1068 1908 conferatur
1090 1860 1322 1907 tantum
1345 1849 1418 1906 ad
1443 1848 1620 1906 robur
1645 1849 2005 1923 addendum,
2037 1861 2103 1909 ut
2125 1852 2301 1909 homo

208 1965 275 2004 ea
302 1944 582 2026 praeditus
605 1942 780 2002 ardua
809 1945 1084 2025 perficere
1113 1954 1211 2001 aut
1240 1942 1393 2002 mala
1422 1942 1613 2003 valeat
1645 1942 1932 2002 declinare
1963 1989 1979 2018 7
2013 1946 2098 2002 uti
2133 1947 2193 2003 in
2222 1947 2305 2004 in-

204 2027 474 2105 fidelibus
497 2040 779 2118 contingit
796 2084 812 2114 7
839 2041 946 2098 etsi
970 2051 1276 2120 propterea
1302 2040 1561 2120 ipsorum
1587 2060 1760 2118 opera
1795 2061 1913 2098 non
1945 2041 2166 2121 possint
2191 2042 2303 2101 dici

199 2133 692 2217 supernaturalia3
733 2145 862 2191 tum
888 2135 1063 2192 etiam
1087 2134 1211 2192 fieri
1236 2144 1428 2214 potest
1447 2178 1462 2207 7
1495 2143 1559 2190 ut
1589 2132 1761 2192 detur
1788 2136 1967 2212 gratia
2007 2134 2200 2194 solum
2230 2138 2305 2196 ad

200 2229 474 2311 ponenda
490 2249 667 2309 operav
692 2225 1151 2309 supernaturalia
1179 2273 1195 2302 7
1221 2239 1322 2286 aut
1343 2228 1518 2286 etiam
1539 2227 1853 2301 meritoria7
1881 2229 1989 2286 etsi
2016 2229 2165 2291 vires
2183 2252 2304 2292 non

205 2323 519 2397 addantur7
542 2345 675 2382 cum
706 2343 922 2403 nempe
945 2322 1131 2401 agitur
1157 2321 1230 2380 de
1257 2343 1318 2380 re
1341 2321 1489 2379 facili
1511 2366 1526 2396 7
1553 2321 1627 2380 ad
1650 2343 1824 2402 quam
1842 2322 1990 2381 vires
2009 2323 2300 2382 naturales

201 2420 530 2501 pertingere
555 2428 820 2500 possunt.
850 2418 999 2475 Hinc
1027 2427 1113 2475 est
1141 2415 1298 2497 quod
1320 2415 1675 2494 distinguere
1703 2415 1894 2474 solent
1918 2416 2188 2496 Theologi
2209 2419 2304 2475 in-

202 2524 296 2572 ter
340 2515 744 2572 substantiam
781 2511 969 2592 operis
1007 2531 1071 2569 ac
1105 2509 1362 2588 ejusdem
1382 2554 1397 2580 7
1437 2523 1504 2568 ut
1537 2520 1748 2569 vocant
1772 2555 1787 2583 7
1820 2515 2305 2588 supernaturali-

210 2617 406 2667 tatem.
440 2605 530 2667 Ad
558 2605 942 2666 substantiam
973 2605 1160 2686 operis
1193 2604 1402 2663 sufficit
1422 2605 1600 2683 gratia
1626 2605 2076 2685 supernaturalis
2100 2612 2306 2666 entita-

210 2706 333 2760 tiva
358 2747 375 2778 7
400 2713 466 2761 ut
495 2701 703 2761 scholae
729 2701 1079 2782 loquuntur3
1113 2698 1187 2758 ad
1213 2704 1332 2777 ejus
1361 2698 1965 2781 supernaturalitatem
1995 2701 2305 2781 requiritur

208 2808 489 2878 praeterea
512 2799 799 2876 objectum
827 2796 1085 2874 formale
1131 2816 1231 2853 seu
1253 2799 1541 2852 motivum
1570 2792 2027 2875 supernaturale.
2061 2796 2302 2866 Quando

211 2913 350 2952 vero
377 2891 491 2950 duo
513 2890 636 2952 haec
661 2889 834 2950 simul
854 2900 1207 2950 concurrunt
1240 2933 1255 2962 7
1285 2889 1510 2968 exurgit
1537 2888 1712 2967 gratia
1738 2886 1834 2944 illa
1859 2931 1874 2960 7
1907 2908 2034 2967 quae
2072 2890 2303 2970 proprie

213 3007 278 3045 ac
305 2986 498 3045 stricte
528 2997 759 3068 sumpta
787 2982 1239 3066 supernaturalis
1280 2994 1397 3058 est7
1441 2994 1500 3042 et
1533 2984 1611 3040 ita
1646 2991 2016 3061 nuncupatur
2044 2992 2171 3040 tum
2210 3004 2304 3041 ra-

212 3082 379 3140 tione
402 3087 505 3141 sui
559 3093 684 3140 tum
729 3082 953 3138 ratione
1004 3080 1184 3137 modi.
1236 3079 1508 3137 Ceterum
1561 3076 1719 3158 prius
1740 3120 1755 3148 7
1801 3073 1959 3155 quod
2010 3078 2301 3136 recensui-

211 3196 343 3234 mus
371 3220 386 3249 7
409 3177 605 3255 gratiae
630 3169 881 3234 officium
914 3174 1213 3255 potissime
1240 3172 1414 3231 afficit
1443 3170 1840 3243 voluntatem3
1891 3171 2190 3250 posterius·
2215 3171 2308 3229 af·

207 3271 333 3328 'ficit
361 3270 657 3350 potissime
681 3269 1066 3329 intellectum.

209 3354 228 3431 s
299 3364 392 3423 16.
442 3360 576 3424 Haec
602 3363 955 3423 enucleatius
983 3364 1127 3421 circa
1154 3361 1348 3441 gratiae
1384 3360 1684 3418 notionem
1709 3378 1996 3439 exponere
2024 3357 2310 3418 voluimus

217 3460 291 3518 ad
319 3461 513 3519 omnia
550 3459 1010 3520 adversariorum
1037 3455 1376 3518 diverticula
1417 3453 1818 3535 praecavenda.
1871 3452 1929 3510 Si
1968 3453 2093 3532 quis
2129 3474 2302 3534 porro

215 3567 452 3636 cuperet
501 3553 1078 3613 accommodatiorem
1121 3551 1316 3631 gratiae
1371 3548 1607 3608 actualis
1659 3545 2059 3606 definitionem
2096 3590 2112 3619 7
2171 3567 2302 3606 eam

217 3649 464 3709 dicimus
499 3652 723 3709 donum
767 3650 882 3709 Dei
918 3654 1232 3707 internum
1267 3666 1336 3705 ac
1370 3643 1829 3724 supernaturale
1877 3650 2167 3700 creaturae
2194 3662 2300 3701 raa
