2430 4056
237 177 355 237 246
986 192 1176 232 'rmor-
1219 195 1288 235 m:
1329 196 1556 234 cum.

322 338 456 401 535.
500 338 667 415 Resp.
703 331 764 390 10
793 332 942 411 Ney.
973 343 1098 392 ant.
1131 332 1301 405 Quia,
1331 335 1438 393 etsi
1473 335 1779 394 interdum
1815 333 2105 416 Scriptura
2139 337 2311 398 solius

249 432 383 498 fidei
427 427 781 488 mentionem
820 425 1069 503 injiciat,
1115 445 1252 484 cum·
1289 424 1545 506 loquitur
1585 428 1656 488 de
1683 419 2119 506 justificatione,
2161 451 2313 513 saepe

243 539 436 587 tamen
453 522 624 580 etiam
639 518 775 577 alias
791 521 1030 582 virtutes
1057 531 1156 577 aut
1179 531 1532 580 sacramenta
1551 534 1965 594 commemorat
1982 568 2000 596 ,
2029 522 2313 583 disserens

244 619 314 677 de
349 614 547 675 eadem
582 612 1000 690 justificatione.
1034 613 1114 669 Ut
1134 613 1267 671 Luc.
1310 614 1442 686 VII,
1481 612 1555 672 47
1591 637 1605 674 ε
1642 617 2063 676 Remittuntar
2089 621 2146 675 ei
2171 639 2315 696 pec-·

240 721 371 771 cata
397 709 616 778 multa,
636 711 917 785 quoniam
941 707 1150 764 dilexit
1174 709 1464 780 multum,
1489 706 1630 766 Toh.
1661 711 1791 785 XII,
1821 711 1856 769 9
1886 733 1899 769 :
1929 713 2318 790 Eleemosyna

241 829 281 864 a
311 813 493 862 morte
521 803 762 874 liberat3
802 802 964 858 Rom.
1007 801 1160 867 VIII,
1187 800 1267 859 24
1302 823 1315 859 ε
1356 803 1467 880 Spe
1517 803 1670 862 salvi
1701 807 1861 880 facti
1877 827 2120 878 sumus,
2149 805 2315 864 Eccli.

245 901 305 973 I,
354 897 430 956 27
479 919 492 955 ε
547 899 751 954 Timor
794 895 1042 953 Domini
1083 897 1320 975 expellit
1340 906 1686 975 peccatum3
1723 897 1836 956 Tit.
1866 900 1976 972 111,
2009 898 2045 956 5
2076 921 2090 958 ε
2121 900 2320 957 Salvos

239 1013 343 1052 nos
369 995 516 1069 fecit
535 1011 650 1070 per
676 992 987 1047 lavacrum
1012 994 1498 1068 reyenerationis3
1548 989 1752 1069 EpheS.
1790 992 1834 1048 V
1857 1037 1872 1065 ,
1914 993 1993 1050 26
2016 1036 2032 1064 ,
2075 993 2318 1074 loquens

243 1087 314 1146 de
335 1085 572 1145 Ecclesia
593 1130 609 1159 ,
643 1086 753 1143 ait:
783 1086 1084 1143 Mundam
1107 1083 1282 1163 (eam)
1309 1091 1542 1159 lavacro
1569 1106 1740 1162 aquoe
1762 1089 1830 1142 in
1861 1087 2031 1144 verbo
2054 1092 2188 1144 vitae
2206 1088 2317 1165 (l).·,

242 1200 349 1239 nec
379 1190 574 1237 tamen
605 1178 884 1258 quispiam
897 1182 1029 1255 jure
1058 1188 1158 1236 aut
1183 1177 1287 1236 soli
1318 1178 1638 1251 dilectioni,
1687 1188 1785 1236 aut
1815 1179 1918 1238 soli
1945 1180 2099 1261 spei,
2128 1180 2322 1239 timori
2425 1240 2430 1248 ,

246 1285 356 1333 eto.
398 1273 862 1349 justificationem
900 1269 1223 1331 adscribere
1264 1273 1462 1352 possit.
1512 1274 1657 1331 Cum
1698 1273 1871 1352 igitur
1905 1273 2099 1355 plures
2139 1295 2322 1334 causae

246 1367 318 1425 ad
351 1365 620 1425 eumdem
644 1365 912 1424 effectum
935 1365 1372 1446 producendum
1402 1378 1786 1441 concurrunt,
1809 1370 2106 1427 consuevit
2130 1370 2322 1450 Scrip-

242 1473 370 1519 tura
391 1460 560 1518 modo
585 1462 684 1518 uni
713 1460 882 1519 modo
908 1460 1073 1519 alteri
1097 1481 1275 1519 causae
1299 1460 1464 1518 illum
1479 1460 1733 1519 tribuere
1753 1505 1768 1533 ,
1795 1462 1936 1542 quin
1965 1473 2180 1521 ceteras
2202 1484 2322 1520 non

249 1555 578 1615 excludenS.
606 1556 773 1630 Hinc,
801 1578 931 1614 cum
947 1556 1225 1634 ejusmodi
1251 1576 1429 1614 causae
1445 1556 1644 1615 ordine
1660 1556 1911 1636 quodam
1935 1558 2088 1614 inter
2102 1578 2162 1616 se
2185 1577 2326 1616 con-

238 1654 452 1727 junctae
474 1651 618 1723 sint,
650 1672 712 1708 ac
738 1650 877 1709 fides
900 1650 1144 1729 reliquas
1172 1672 1370 1709 omnes
1396 1650 1680 1730 praecedat
1711 1672 1776 1709 ao
1801 1650 2081 1732 producat
2100 1696 2114 1724 ,
2145 1662 2326 1710 restat

246 1755 310 1800 ut
343 1744 746 1802 concludamuS
766 1788 781 1817 ,
811 1744 1161 1825 Scripturam
1186 1744 1433 1824 reliquas
1466 1744 1796 1820 includere,
1826 1745 1968 1803 dum
1993 1745 2327 1804 soliusfidei

247 1840 541 1910 meminit,
571 1860 670 1897 seu
701 1839 859 1919 loqui
909 1839 981 1897 de
1011 1840 1123 1898 fide
1156 1840 1322 1915 viva,
1362 1841 1544 1903 activa
1594 1853 1653 1900 et
1691 1841 2039 1922 operatrice,
2095 1840 2238 1900 dum
2274 1840 2327 1899 ei
2428 1878 2430 1883 .

248 1931 448 1990 tribuit.
465 1934 946 2010 justificationem.

330 2025 465 2083 536.
512 2029 680 2106 Resp.
719 2028 784 2083 20
821 2026 895 2084 ad
931 2027 1144 2107 primos
1187 2028 1330 2085 duos
1366 2039 1578 2086 textus,
1620 2031 1775 2088 Dist.
1812 2030 1881 2087 Et
1916 2030 1979 2086 in
2014 2028 2103 2087 his
2139 2049 2327 2088 sermo
2425 2007 2430 2020 ‚

252 2129 336 2176 est
377 2118 449 2177 de
487 2119 758 2177 miraculo
807 2142 907 2178 seu
950 2123 1245 2180 sanatione
1299 2122 1624 2202 corporali,
1682 2144 1880 2196 conc.;
1938 2122 2009 2181 de
2049 2123 2328 2199 justifica-

252 2212 440 2284 tione,
472 2235 598 2291 neq.

331 2303 466 2363 537.
517 2307 715 2378 Quoad
754 2307 969 2386 reliqua
997 2309 1322 2367 testimonia
1344 2354 1359 2383 ,
1396 2311 1552 2367 Dist.
1599 2312 1937 2391 Loquuntur
1967 2309 2040 2370 de
2068 2311 2181 2370 fide
2201 2321 2328 2369 tan-

252 2419 426 2479 quam
450 2400 519 2458 de
555 2402 738 2481 prima
763 2400 1131 2481 dispositione
1152 2448 1167 2477 ,
1198 2425 1268 2461 ex
1298 2426 1409 2483 qua
1438 2415 1637 2463 ceterae
1662 2404 1995 2486 profluunt,
2023 2416 2090 2463 ut
2109 2405 2328 2464 dictum

253 2504 380 2572 est,
424 2515 618 2561 con0.,·
656 2506 934 2576 tanquam
981 2496 1052 2556 de
1094 2498 1463 2578 dispositione
1504 2502 1670 2558 unica
1711 2512 1770 2559 et
1811 2501 2143 2582 adaequata,
2194 2522 2323 2580 neq.

254 2587 398 2644 Hinc
426 2589 638 2668 optime
669 2590 725 2647 S.
748 2591 1091 2669 Augustinus
1119 2592 1193 2650 ad
1213 2594 1427 2652 factum
1456 2594 1705 2676 Philippi
1729 2641 1746 2668 .,
1773 2595 1928 2675 quod
1956 2595 2270 2676 opponitur
2309 2616 2323 2651 z

255 2682 604 2759 Scriptura,
654 2684 842 2763 inquit
868 2729 887 2754 ,
928 2692 1156 2758 tacuit,
1202 2700 1374 2766 atque
1412 2691 1793 2769 intelli'yenda
1824 2692 2059 2748 dimisit
2095 2701 2281 2749 cetera
2306 2731 2329 2761 ,
2426 2699 2430 2702 ’

252 2794 381 2851 quoe
406 2796 544 2833 cum
566 2778 664 2834 illo
700 2780 952 2855 spadone
979 2782 1335 2858 baptizando
1361 2784 1682 2863 Philippus
1722 2790 1867 2864 cyit3
1905 2797 2076 2864 atque
2111 2790 2181 2843 in
2221 2805 2281 2842 eo
2304 2825 2327 2854 ,

256 2871 412 2945 quod
439 2874 528 2928 ait
569 2896 586 2929 .·
639 2873 965 2951 baptizavit
1002 2897 1137 2933 eum
1174 2878 1528 2956 Philippus,
1573 2881 1829 2959 intelliqi
1863 2883 2049 2939 voluit
2086 2881 2330 2959 impleta

256 2969 494 3037 omnia,
549 2988 680 3043 quoe
729 2969 862 3025 licet
905 2973 1215 3028 taceantur
1255 2976 1320 3029 in
1366 2975 1701 3053 Scripturis
1737 2981 1943 3055 qratia
1987 2977 2331 3045 brevitatis,
2427 3038 2430 3046 Ι

258 3066 452 3115 tamen
491 3066 634 3118 serie
677 3065 1016 3122 traditionis
1056 3071 1272 3125 scimus
1313 3070 1617 3147 implenda
1659 3071 1767 3150 (2).

341 3150 476 3211 538.
519 3155 665 3213 Inst.
717 3157 896 3238 Atqui
930 3161 1234 3242 Scripturae
1276 3162 1592 3243 loquuntur
1627 3165 1701 3224 de
1743 3165 1869 3232 fide⁴
1893 3165 2010 3224 sola
2055 3176 2334 3246 tanquam
2424 3187 2426 3189 '

185 3309 190 3317 A
259 3244 423 3303 unica
452 3257 510 3304 et
534 3248 824 3330 adaequata
851 3274 1016 3313 causa
1036 3258 1489 3333 justificationis,
1517 3278 1582 3317 ac
1603 3254 1880 3340 praeterea
1908 3260 1979 3319 de
2005 3281 2070 3319 ea
2091 3259 2334 3341 loquun-

177 3364 181 3367 «
258 3349 354 3396 tur
382 3350 656 3422 tanquam
683 3350 1074 3408 instrumento
1102 3361 1160 3410 et
1183 3372 1403 3432 oryano
1442 3350 1700 3431 ejusdem
1728 3354 2148 3433 justificationis
2168 3398 2185 3429 ,
2214 3373 2333 3412 non

323 3525 387 3589 (l)
424 3528 689 3598 KoeS·aept'a·oe5
718 3539 781 3599 τῇ
804 3543 966 3603 λουτρῷ·
987 3545 1064 3588 τοῦ
1085 3536 1247 3592 ὕδατος
1395 3542 1464 3605 (2)
1502 3542 1608 3592 Lib.
1643 3542 1723 3593 De
1750 3544 1805 3594 F
1802 3545 1880 3594 ide
1912 3554 1956 3593 et
1986 3561 2113 3611 oper.
2149 3560 2250 3608 cap·
2278 3559 2330 3608 9·
2422 3516 2428 3518 ‘

254 3606 294 3652 εἰν
331 3604 515 3671 ῥῆμοιτι.
545 3611 600 3661 In
627 3624 753 3663 textu
778 3633 923 3682 graeco
951 3621 1077 3670 deest
1115 3623 1244 3670 vitae.
