2540 4074
522 183 674 222 mm.
718 182 756 219 1.
801 180 920 219 cAr.
964 180 1032 217 11.
1080 181 1149 217 mi
1191 175 1413 218 caum
1454 176 1834 218 nncnssnnss.
2138 153 2224 213 '29

220 327 318 386 54.
367 325 491 404 Obj.
517 321 790 385 secunda.
826 322 1119 403 Scriptura
1147 320 1363 402 passim
1381 327 1464 378 *ut
1498 330 1722 379 certum
1753 316 1993 377 assumit
2011 359 2028 390 7
2058 336 2227 398 posse

135 422 436 480 hominem
463 419 577 477 suis
610 416 828 477 viribus
865 415 1248 497 totamlegem
1263 413 1527 496 implere.
1562 413 1723 471 losio
1743 457 1759 486 7
1795 403 2010 470 Denter
2041 411 2221 482 XXX,

143 516 214 574 11
237 562 252 590 7
279 516 496 592 Moyses
521 512 599 570 ait
627 533 640 570 :
684 512 1053 570 Blandatum
1081 511 1214 586 hoc,
1249 510 1408 588 quod
1430 530 1526 588 eqo
1548 511 1836 587 praecipio
1861 506 1980 564 tihi
2010 504 2178 563 hodie
2209 549 2226 579 7

137 632 262 670 non
281 629 470 686 supra
493 617 544 664 te
566 616 651 664 est
663 644 684 676 ,
711 626 895 683 nequ-e
906 607 1128 683 procul
1140 608 1428 684 positum.
1467 602 1611 661 Eccl.
1644 601 1860 683 pariter
1887 600 2011 674 XV,
2045 599 2119 657 16
2147 597 2230 657 di-

138 703 284 762 cit-ui·
317 723 329 758 ε
364 702 437 759 Si
462 701 715 758 volueris
741 701 1032 758 mandata
1064 721 1299 758 servare
1319 743 1335 770 7
1368 698 1804 756 conservabunt
1829 706 1900 754 te.
1947 696 2015 753 2⁰
2040 695 2229 767 Quare

135 793 443 876 Apostolus
479 794 797 854 universim
836 793 1182 874 pronunciat
1223 814 1236 849 ε
1290 791 1497 850 Gentes
1509 833 1532 861 ,
1571 812 1703 868 quoe
1740 792 1919 868 leyem
1956 811 2078 849 non
2119 790 2231 849 Iza-

135 891 274 949 heret
291 933 306 963 7
354 890 721 947 naturaliter
745 910 812 946 ea
832 933 847 962 7
874 909 1006 966 quoe
1038 889 1179 966 Zeyis
1207 896 1354 944 sunt
1373 928 1394 956 ,
1419 888 1666 963 faciunt
1686 884 1708 963 (
1728 886 1896 945 Rom.
1947 887 2030 959 117
2073 883 2148 941 14
2177 883 2227 963 );

135 995 379 1065 possunt
403 983 576 1061 igitur
603 984 968 1041 naturaliter
990 1002 1090 1040 seu
1111 990 1334 1038 naturae
1365 977 1585 1038 viribus
1612 979 1735 1037 sine
1762 978 1941 1058 gratia
1967 976 2106 1056 legis
2127 998 2227 1036 na-

136 1077 337 1136 turalis
375 1089 660 1159 praecepta
699 1077 930 1137 servari.
963 1077 1140 1133 Prout
1165 1074 1229 1133 30
1265 1073 1337 1133 de
1371 1074 1681 1155 semetipso
1707 1083 1953 1131 testatur
1983 1072 2222 1152 Aposto-

137 1172 257 1247 luS,
287 1172 478 1253 quod7
521 1193 651 1230 cum
694 1169 958 1229 nondum
996 1168 1103 1227 sub
1145 1169 1324 1248 gratia
1363 1179 1543 1242 esset7
1588 1167 1689 1227 sed
1733 1167 1920 1226 solum
1962 1167 2069 1225 sub
2107 1167 2231 1247 lege

138 1268 481 1326 constitutus
504 1312 518 1340 7
549 1267 877 1325 secundum
887 1269 1200 1341 justitiam
1228 1308 1243 1336 7
1275 1285 1409 1342 quoe
1442 1266 1511 1320 in
1550 1264 1665 1341 leye
1696 1273 1811 1336 est7
1840 1263 1914 1320 sit
1934 1283 2235 1320 conversa-

138 1373 233 1420 tus
253 1366 381 1419 sine
413 1363 653 1439 querela
688 1359 936 1440 (Philip.
967 1359 1067 1431 1117
1097 1359 1188 1438 6).
1225 1357 1289 1415 40
1319 1358 1467 1415 Hinc
1490 1358 1546 1415 S.
1571 1359 1740 1415 Joan.
1765 1356 2056 1436 Chrysost.
2090 1355 2233 1415 scri-

135 1454 223 1514 bit
262 1479 274 1513 :
310 1457 730 1515 Admiratione
775 1456 983 1534 dismas
1017 1475 1129 1511 esse
1172 1452 1494 1532 (gentiles)
1522 1497 1538 1525 7
1584 1454 1745 1530 quod
1780 1473 1886 1510 nec
1929 1453 2046 1531 leye
2082 1455 2232 1530 ipsis

141 1572 286 1628 opus
307 1554 504 1628 fuerit
520 1594 534 1622 7
562 1560 616 1607 et
634 1561 832 1606 tamen
866 1553 1070 1606 omnia
1090 1594 1105 1620 7
1140 1570 1271 1626 quce
1295 1550 1435 1626 leqis
1467 1558 1672 1617 erant,
1691 1551 2088 1625 proestiterint
2105 1546 2230 1625 (1)3

144 1645 208 1702 50
234 1645 322 1702 cui
354 1643 645 1702 cohaerens
666 1644 721 1701 S.
758 1642 1007 1700 Hilarius
1044 1642 1334 1722 duplicem
1364 1640 1583 1699 librum
1615 1641 1915 1720 distinguit
1935 1687 1951 1715 7
1982 1641 2055 1699 ad
2090 1641 2238 1700 illud

143 1740 236 1797 Ps.
271 1739 495 1795 LXVIII
523 1760 536 1794 z
565 1740 898 1796 Deleantur
920 1738 988 1793 de
1011 1739 1166 1795 libro
1191 1741 1519 1795 viventium
1538 1761 1558 1803 ‚·
1589 1737 1838 1796 alterum
1867 1737 2194 1798 viventium
2216 1782 2232 1811 7

135 1830 393 1889 alterum
412 1830 1012 1908 justorumraffirmat
1035 1842 1229 1888 autem
1262 1851 1275 1882 ε
1306 1832 1426 1888 Eos
1459 1836 1528 1887 in
1558 1836 1887 1888 viventium
1917 1833 2071 1890 libro
2093 1853 2236 1908 esse,

140 1929 253 2004 qui
289 1934 465 1982 antea
498 1929 625 1981 sine
657 1926 784 1982 ulla
824 1925 1047 2005 Christi
1073 1928 1514 2003 coquiti'onepi'e
1536 1929 1603 1982 in
1639 1927 1754 2004 [696
1789 1932 2011 1984 versati
2032 1930 2239 1985 omnia

35 2084 42 2092 ,
74 2064 76 2069 ⁴
130 2023 491 2099 praescripta
526 2021 667 2098 Zeyis
709 2021 1087 2098 impleverint
1109 2065 1124 2092 7
1155 2021 1225 2077 de
1261 2021 1484 2098 quibus
1513 2023 1842 2079 seeundum
1866 2023 2044 2101 leyem
2078 2023 2240 2101 Apo-

100 2108 105 2112 ’
140 2116 321 2172 stolus
348 2114 579 2173 Paulus
601 2119 690 2172 ita
715 2115 918 2172 docuit
944 2137 957 2172 ε
986 2114 1012 2192 (
1036 2116 1200 2172 Rom.
1232 2116 1320 2194 X)
1340 2115 1499 2194 Quia
1526 2120 1639 2194 qui
1651 2119 1866 2194 feeerit
1877 2138 1946 2181 ea
1964 2162 1979 2190 7
1998 2121 2150 2174 vivet
2173 2121 2241 2175 in

144 2210 267 2267 illis
301 2208 411 2289 (2).
435 2209 503 2268 ‚60
535 2209 681 2267 Sane
706 2208 797 2267 lex
840 2208 1116 2267 naturalis
1157 2210 1311 2268 intra
1355 2221 1577 2269 naturae
1618 2210 1830 2270 limites
1872 2212 2239 2282 continetur,

145 2325 333 2385 neque
367 2304 613 2384 proinde
644 2304 968 2363 naturalem
993 2304 1242 2363 hominis
1279 2305 1609 2365 facultatem
1649 2307 1892 2367 excedit.
1926 2308 1992 2366 70
2023 2309 2240 2368 Caven-

146 2397 288 2457 dum
312 2410 618 2480 propterea
644 2410 756 2472 est,
789 2411 963 2480 prout
986 2401 1125 2458 scite
1147 2399 1500 2458 concludunt
1528 2402 1916 2460 Rationalistae
1938 2448 1952 2477 7
1981 2424 2055 2462 ne
2078 2449 2093 2475 7
2129 2404 2241 2461 im-

145 2492 517 2557 becillitatem
540 2496 710 2552 istam
733 2506 953 2553 naturae
964 2494 1236 2553 humanae
1261 2496 1507 2553 nimium
1523 2496 1797 2574 jactando
1817 2543 1831 2571 7
1852 2497 2076 2557 facilem
2105 2519 2243 2578 pec-

150 2588 410 2661 cantibus
472 2591 901 2648 excusationem
959 2589 1430 2671 suppeditemus3
1474 2592 1536 2648 in
1584 2613 1650 2649 eo
1705 2592 1896 2672 potius
1949 2592 2244 2653 elaborare

152 2681 369 2742 dehent
401 2683 659 2744 doctores
683 2684 897 2766 publici
924 2730 940 2759 7
983 2697 1048 2743 ut
1080 2684 1383 2763 cujuslibet
1432 2685 1583 2744 male
1625 2686 1757 2745 facti
1779 2723 1781 2725 -
1803 2688 2149 2769 pravitatem
2187 2696 2246 2747 et

151 2777 572 2859 turpitudinem
599 2779 979 2840 veliementer
1011 2779 1326 2861 praedicent
1352 2824 1369 2856 7
1402 2791 1460 2839 et
1484 2780 1816 2841 facultatem
1843 2781 2066 2840 homini
2088 2829 2103 2856 7
2139 2782 2245 2842 be-

151 2873 325 2955 nigne
353 2896 384 2933 a
409 2876 529 2934 Deo
555 2895 880 2935 concessam
902 2919 917 2949 7
949 2875 1323 2935 vitiositatem
1363 2876 1625 2957 quamvis
1651 2875 1965 2958 superandi
1999 2887 2058 2935 et
2079 2921 2095 2951 7
2124 2878 2243 2937 Deo

155 3066 244 3113 vati
261 3075 347 3114 nec
360 3066 479 3118 dono
501 3067 770 3132 integritatis
785 3068 904 3115 aucti
922 3103 936 3125 ‚
959 3083 1013 3114 ac
1029 3083 1158 3114 nunc
1245 3066 1407 3115 Creat.
1437 3084 1490 3114 n.
1524 3065 1620 3133 337
1656 3076 1700 3114 et
1725 3083 1856 3132 seqq·

154 3156 222 3194 est
239 3183 251 3205 7
268 3154 509 3212 postquam
525 3148 663 3196 homo
678 3163 758 3211 per
776 3156 1020 3213 peccatum
1036 3148 1158 3197 dona
1308 3145 1372 3210 (1)
1409 3146 1558 3195 Hom.
1574 3165 1600 3195 v
1619 3149 1675 3194 in
1694 3145 1863 3211 Epist.
1880 3146 1948 3196 ad
1959 3148 2098 3198 Rom.
2122 3167 2174 3198 n.
2197 3148 2248 3199 5.

153 3227 229 3274 illa
259 3230 428 3276 amisit.
465 3227 564 3277 Hoc
601 3229 749 3278 solum
793 3229 1031 3278 intercedit
1063 3229 1157 3277 dis·
1240 3226 1329 3277 Διοὲ
1348 3232 1478 3276 τοῦτο
1508 3225 1594 3294 γοὶρ
1615 3266 1628 3289 ,
1658 3225 1819 3291 φησὶν,
1846 3225 2249 3294 &tribuae-ro),

154 3311 331 3356 crimen
351 3345 363 3367 7
391 3309 516 3374 quod
542 3311 591 3357 in
620 3310 700 3358 tali
731 3311 977 3375 hypothesi
1006 3311 1158 3359 imbc-
1243 3306 1309 3359 gra
1350 3306 1476 3372 νᾶμου
1511 3311 1586 3359 οὔκ
1634 3308 1914 3374 ἱδεῆθησοιυ,
1958 3309 2036 3362 ›⁶ae>
2073 3309 2132 3363 roi
2174 3317 2253 3362 rab·

155 3389 316 3437 cillitas
349 3390 563 3438 humanm
588 3401 763 3439 natnrae
794 3391 909 3440 foret
938 3392 1155 3439 naturalis
1240 3389 1372 3455 νέμον
1406 3388 1881 3455 πέντωδέπιδείξοιντο.
2063 3456 2067 3458 ¹

153 3470 353 3519 hominis
375 3471 576 3519 conditio
598 3507 612 3530 ,
643 3489 770 3522 nunc
799 3489 904 3522 vero
932 3475 1159 3522 rationem
1341 3473 1405 3539 (2)
1440 3472 1626 3540 Expoe.
1653 3476 1712 3524 in
1740 3471 1827 3529 Pa.
1864 3490 2006 3526 txvm
2024 3511 2040 3539 7
2066 3493 2121 3526 n.
2155 3471 2247 3538 24,

153 3551 322 3600 habeat
348 3569 493 3618 poenae
524 3570 590 3601 ac·
608 3553 902 3603 infirmitatis.
933 3553 1027 3603 Cfr.
1058 3571 1162 3621 quae
1243 3554 1357 3606 edit.
1392 3553 1551 3606 Couut.

156 3631 360 3683 diximus
389 3644 502 3684 tom.
539 3650 626 3701 111,
661 3635 730 3696 in·>
749 3633 904 3686 Tract.
935 3633 1018 3685 De
1054 3633 1164 3686 Deo
