2540 4074
550 221 705 257 mar.
750 218 790 254 1.
835 215 955 257 cn.
1001 217 1064 255 11.
1109 217 1178 257 nE
1220 219 1441 257 enum
1483 218 1872 258 necassnsrn.
2188 199 2265 258 55

1008 359 1429 412 PROPOSITIO.
1498 423 1506 430 ,

170 491 364 549 Potest
402 488 567 546 homo
608 488 810 565 lapsus
850 487 1067 565 absque
1109 489 1359 568 speciali
1393 491 1612 568 qratioe
1659 482 1891 546 anci-ilio
1942 489 2267 548 nonnullas

247 583 478 642 ordinis
519 582 822 638 naturalis
863 585 1132 640 veritates
1174 603 1511 662 cognoscere
1530 627 1545 656 ,
1601 593 1732 641 tum
1775 585 2063 661 faciliora
2118 585 2268 663 ejus-

212 696 215 702 *
247 676 378 735 dem
421 669 651 733 ordinis
690 680 997 734 naturalis·
1032 696 1210 756 opera
1241 678 1524 757 perficere
1551 721 1567 751 .,
1609 698 1682 736 ao
1731 675 1875 738 leves
1919 678 2268 739 tentationes

243 786 544 849 ”operare

185 995 187 997 ¹
244 929 382 990 104.
430 932 661 1012 Spectat
696 929 816 990 haec
841 931 1156 1012 propositio
1186 929 1260 988 ad
1292 930 1617 990 doctrinam
1643 930 1994 990 catholicam
2016 974 2031 1004 ‚-
2070 944 2135 991 ut
2171 957 2268 1015 pa-

162 1021 256 1084 ῐ615
283 1046 355 1084 ex
381 1024 530 1084 thesi
572 1025 641 1091 in*
671 1027 804 1103 Bajo
839 1025 1147 1101 damnata,
1190 1048 1253 1084 n.
1302 1025 1502 1083 XXVII
1535 1047 1549 1083 ε
1589 1026 1876 1084 Liberum
1923 1028 2261 1086 arbitrium

161 1124 290 1178 sine
317 1120 619 1198 adjutorio
650 1122 772 1179 Dei
796 1123 1044 1178 nonnisi
1077 1121 1163 1178 ad
1171 1121 1548 1199 peccandum
1589 1122 1743 1178 valet
1770 1143 1786 1196 3
1829 1125 1987 1199 cujus
2033 1133 2267 1180 contra-

161 1214 398 1273 dictoria
435 1225 523 1273 est
555 1237 567 1271 :
605 1215 893 1273 Liberum
921 1215 1253 1276 arbitrium
1276 1220 1405 1274 sine
1430 1215 1729 1293 adjutorio
1761 1217 1882 1273 Dei
1916 1216 1998 1273 acl
2023 1218 2268 1294 aliquid

149 1321 379 1390 proeter
405 1331 590 1388 quam
622 1311 708 1368 ad
716 1310 1097 1388 peccandum
1121 1312 1302 1386 valet,
1340 1310 1403 1369 id
1426 1321 1544 1386 est,
1577 1309 1732 1370 valet
1766 1309 1841 1368 ad
1878 1310 2115 1392 aliquod
2141 1312 2267 1370 effi-

159 1403 432 1465 ciendum
462 1425 638 1485 opm,
672 1403 829 1485 quod
855 1414 1157 1484 peccatum
1187 1427 1310 1464 non
1342 1406 1418 1463 sit
1444 1429 1459 1478 ς
1482 1409 1606 1483 jam
1649 1426 1787 1464 vero
1822 1424 1947 1463 non
1990 1417 2155 1486 potet
2194 1406 2269 1465 li-·-·

158 1498 367 1558 berum
400 1497 704 1558 arbitrium
737 1498 861 1557 sine
894 1499 1086 1577 gratiae
1117 1499 1401 1578 adjutorio
1420 1544 1436 1573 ,
1464 1510 1639 1580 prout
1680 1499 2072 1574 ostendi1nUS‚
2120 1500 2266 1560 diffi-

161 1592 354 1651 ciliora
405 1613 579 1674 opera
629 1591 863 1650 moralis
911 1592 1128 1651 ordinis
1184 1594 1409 1653 efficere
1453 1639 1468 1668 .,
1508 1615 1698 1675 neque
1745 1615 1946 1673 graves
1997 1615 2268 1673 superare

161 1688 511 1745 tentationes
537 1711 553 1759 ς
593 1708 728 1765 ergo
744 1681 952 1746 saltem
976 1687 1313 1751 adfaciliora
1336 1688 1630 1748 molienda
1657 1687 2053 1769 ‚levioresque
2079 1689 2271 1770 repel—

160 1779 363 1839 lendas
403 1781 752 1861 tentationes
782 1780 958 1838 homo
982 1781 1175 1862 lapsus
1199 1782 1381 1842 libero
1416 1782 1733 1842 voluntatis
1773 1782 2012 1841 arbitrio
2048 1782 2267 1864 absque

156 1873 386 1954 speciali
406 1872 659 1932 subsidio
688 1873 879 1934 valeat
911 1895 1143 1934 necesse
1179 1888 1290 1934 est.
1338 1878 1464 1935 Huc
1500 1877 1718 1957 pariter
1758 1877 2089 1935 referuntur
2126 1900 2268 1959 pro-

152 1968 464 2050 positiones
504 1967 567 2026 in
615 1967 923 2041 Quesnello
967 1970 1303 2050 proscriptae
1347 1971 1457 2049 (l).
1500 1973 1659 2051 Opus
1711 1982 1906 2030 autem
1935 1971 2162 2030 bonum
2207 1985 2267 2032 et·

152 2062 467 2123 honestum
521 2061 670 2121 illud
698 2084 970 2123 vocamus
998 2108 1014 2136 ,
1067 2065 1227 2145 quod
1268 2065 1384 2124 tale
1419 2076 1506 2124 est
1553 2087 1620 2124 ex
1661 2067 1838 2143 officio
1872 2078 1930 2126 et
1958 2069 2080 2145 fine
2147 2067 2264 2126 sal-

99 2147 104 2150 (
152 2170 273 2220 tem
298 2163 601 2237 promimO.

237 2253 373 2313 105.
421 2254 523 2311 His
556 2274 731 2334 porro
757 2252 1106 2312 facilioribus
1141 2253 1411 2335 operibus
1432 2300 1447 2329 7
1479 2277 1607 2336 quae
1641 2277 1774 2314 cum
1809 2255 1996 2315 libero
2040 2257 2258 2316 volun-

151 2349 285 2407 tatis
312 2347 552 2406 arbitrio
575 2348 698 2406 sine
713 2347 987 2428 peculiari
1003 2349 1454 2429 superveniente
1474 2350 1684 2408 auxilio
1708 2350 2011 2409 hominem
2034 2350 2265 2432 lapsum
2341 2414 2344 2419 ,

149 2454 381 2525 patrare
427 2464 596 2524 posse
636 2441 1075 2517 contendimuS‚
1121 2463 1486 2502 accensemus
1527 2445 1703 2502 etiam
1752 2465 2010 2503 amorem
2058 2436 2164 2503 Dei
2200 2457 2268 2504 ut

151 2538 398 2601 auctoris
433 2549 687 2613 naturae,
734 2558 840 2596 seu
866 2537 929 2594 in
956 2536 1160 2597 ordine
1187 2537 1438 2596 naturali
1464 2583 1479 2612 .,
1509 2538 1917 2618 imperfectum
1940 2549 2000 2596 et
2024 2539 2264 2598 inchoa-

156 2643 322 2708 tum,
351 2632 519 2692 illum
557 2631 771 2692 scilicet
805 2653 1097 2706 amorem,
1139 2653 1254 2713 quo
1301 2632 1477 2690 homo
1527 2631 1796 2691 nondum
1843 2632 2030 2712 diligit
2077 2636 2266 2693 Deum

219 2795 287 2859 (l)
318 2813 488 2858 nunt
506 2813 520 2844 z
539 2793 764 2844 Peccator
787 2813 886 2843 non
917 2804 986 2843 est
1014 2794 1162 2857 liber,
1248 2798 1389 2860 gratia
1408 2796 1647 2843 hominem
1668 2796 1856 2843 nullum
1876 2798 2069 2844 omnino
2082 2796 2262 2844 bonum

150 2878 254 2924 nisi
290 2876 356 2924 ad
391 2875 571 2925 malum
589 2915 603 2937 ,
636 2878 742 2924 sine
766 2879 929 2942 qratia
959 2876 1164 2923 Libera·
1247 2879 1386 2926 etiam
1415 2877 1591 2925 ordinis
1619 2877 1844 2924 naturalis
1877 2877 2058 2937 efficere
2097 2895 2259 2941 posse,

151 2959 455 3016 toris;xxxrx
481 2975 496 3006 ε
525 2955 798 3018 Voluntas,
832 2975 982 3023 quam
1006 2959 1164 3022 qratia
1246 2976 1300 3008 ac
1332 2969 1572 3024 propterea
1611 2958 1731 3005 nihil
1766 2961 1865 3005 sine
1898 2960 2042 3023 gratia
2088 2960 2137 3005 in
2177 2959 2266 3006 ho-

151 3055 251 3087 non
284 3042 554 3105 praevenit,
603 3039 738 3089 nihil
781 3040 917 3087 habet
961 3039 1163 3087 luminis
1246 3043 1373 3089 mine
1391 3056 1512 3100 esse,
1546 3040 1669 3105 quod
1690 3049 1929 3103 peccatum
1956 3057 2051 3086 non
2077 3042 2151 3087 sit.
2179 3040 2265 3089 Hae

153 3121 256 3168 nisi
286 3121 350 3168 ad
374 3111 697 3174 aberrantium
715 3153 732 3182 ‚
761 3121 948 3170 ardoris
976 3123 1079 3170 nisi
1101 3121 1166 3168 ad
1196 3124 1199 3125 ⁷
1246 3130 1397 3169 autem
1436 3115 2066 3185 propositiones-proscriptae
2101 3132 2207 3169 sunt
2236 3140 2262 3171 a

153 3219 202 3249 se
247 3203 686 3268 praeoipitandum‚
735 3204 916 3251 virium
954 3204 1055 3250 nisi
1102 3203 1167 3250 ad
1247 3203 1395 3252 Clem.
1434 3217 1516 3262 x1‚
1557 3219 1680 3250 anno
1729 3201 1856 3266 1713
1879 3235 1898 3262 ‚
1933 3205 1986 3258 in,
2026 3202 2262 3251 Constitu-

154 3301 203 3331 se
252 3284 599 3350 vulnerandum
621 3322 639 3348 ,
684 3295 754 3334 est
799 3303 955 3352 capax
1006 3281 1166 3333 omnis
1247 3287 1375 3334 tione
1401 3284 1652 3349 dogmatica
1670 3320 1684 3344 ,
1718 3282 2032 3349 Uniyenitus.
2050 3284 2147 3333 cfr.
2177 3302 2262 3333 eae-

156 3350 302 3422 ntuli,
337 3375 405 3413 est
435 3354 649 3432 *incapax
676 3354 910 3415 ad‘omne
947 3368 1124 3416 bonam
1141 3383 1164 3429 5
1247 3361 1351 3414 dem
1402 3382 1568 3430 propp.
1614 3382 1723 3413 cum
1774 3366 2249 3415 animadversionibus

156 3434 212 3495 :kt
247 3464 262 3495 τ
295 3445 413 3495 Sine
439 3449 597 3512 qratia
629 3447 761 3496 nihil
794 3465 955 3497 amare
988 3465 1157 3514 possw
1241 3457 1287 3496 et
1312 3445 1766 3495 adnotationibus'P.
1797 3447 1944 3496 Faure
1970 3450 2021 3495 in
2048 3447 2252 3514 Appen-

155 3544 264 3575 mus
314 3531 417 3576 nisi
459 3528 539 3575 ad*
565 3537 774 3578 nostram
805 3529 1160 3578 condemnatio·
1241 3529 1345 3577 dice
1374 3522 1786 3577 monumentorum
1809 3528 2259 3578 Ecclesiastioomm

156 3624 264 3656 nem
283 3645 296 3668 ‚
334 3620 422 3657 etc.
460 3608 663 3674 Quarum
703 3612 913 3658 omnium
939 3613 1159 3676 proposi-
1240 3611 1297 3658 ad
1326 3609 1567 3658 Manuale
1588 3612 2018 3659 controversiarum
2059 3611 2257 3673 Benarni,

157 3691 334 3738 tionum
371 3709 491 3738 unus
531 3697 601 3740 est
635 3705 825 3751 sensas,
861 3706 1029 3755 nempe
1062 3694 1178 3741 sine
1241 3684 1407 3741 Goion.
1445 3690 1571 3759 ¹75⁰
1593 3729 1608 3754 ‚
1641 3709 1746 3757 pag.
1778 3690 1846 3760 69
1873 3702 1917 3742 et
1945 3710 2075 3760 seqq.
