2430 4056
198 242 329 303 212
955 251 1144 290 rusca.
1190 249 1260 288 mi
1279 245 1532 287 ῦαιιΑτιΑ.

199 401 372 471 atque
409 376 1169 464 in2pristina11i‘dissgnitatem
1195 373 1463 432 restituta
1491 419 1508 447 7
1548 394 1652 454 per
1682 371 1889 451 gratias
1918 370 2288 433 medicinales

200 477 656 546 validaefficitur
679 471 754 531 ad
774 470 1120 530 vincendam
1145 467 1666 546 concupiscentiam
1690 466 2086 552 obluctantem
2115 477 2291 547 atque

201 578 281 638 ad
309 579 593 657 praecepta
628 564 1090 644 servandam-per
1121 562 1329 641 gratias
1359 571 1632 639 praeterea
1669 559 2136 642 supernaturales
2165 559 2294 618 illu·

199 672 453 730 minatur
490 661 814 721 intellectus
857 669 917 717 et
955 657 1236 716 excitatur
1262 653 1514 711 hominis
1552 654 1822 729 voluntas
1852 654 1926 713 ad
1952 653 2294 713 detestanda

197 771 426 846 peccata
448 802 463 831 7
503 766 674 836 atque
703 753 776 812 ad
810 774 870 810 se
896 747 1326 830 disponendum
1361 747 1436 805 ad
1459 748 1929 823 justificationem
1969 760 2028 808 et
2050 749 2294 828 gratiam

194 856 642 918 sanctificantem
685 845 1132 929 adipiscendam.
1173 843 1360 901 Posita
1402 852 1596 899 autem
1636 842 1842 901 ultima
1889 865 1988 902 seu
2028 843 2294 924 proxima

198 948 607 1032 dispositione,
645 947 797 1002 Deus
833 940 1076 1020 gratiam
1112 938 1568 996 sanctificantem
1606 936 1668 992 in
1705 937 1961 995 animam
1988 937 2248 996 infundit
2276 982 2292 1012 7

203 1067 316 1127 qua
374 1061 607 1124 prorsus
659 1036 731 1095 ab
794 1057 859 1094 ea
920 1054 1094 1092 omne
1142 1042 1441 1113 peccatum
1485 1028 1796 1116 expellitur
1823 1037 1891 1089 ‘et
1934 1030 2252 1090 destruitur
2279 1077 2295 1106 7

198 1142 379 1218 fitque
414 1144 718 1216 propterea
742 1130 917 1188 homo
955 1130 1074 1185 Deo
1103 1137 1295 1204 gratus
1338 1136 1397 1183 et
1430 1124 1644 1182 amicus
1665 1168 1680 1197 7
1725 1144 1789 1181 ac
1819 1128 1914 1200 jus
1956 1125 2200 1204 acquirit
2221 1125 2297 1183 ad

190 1246 478 1294 *aeternam
519 1225 942 1286 beatitudinem
977 1222 1051 1280 ob
1088 1221 1491 1302 adoptionem7
1525 1241 1702 1300 quam
1742 1221 1947 1301 recipit
1968 1265 1983 1295 7
2010 1221 2073 1278 in
2110 1219 2295 1278 filium

196 1329 319 1388 Dei.
359 1322 577 1385 Exinde
608 1321 784 1378 homo
821 1316 999 1396 gratia
1040 1315 1270 1393 adjutus
1313 1315 1465 1374 elicit
1490 1336 1661 1396 opera
1695 1315 2029 1388 meritoria7
2073 1313 2297 1396 aliaque

195 1431 432 1504 praestat
455 1415 714 1497 superius
753 1420 1223 1472 commemorata.
1258 1409 1406 1468 Talis
1425 1420 1521 1468 est
1543 1430 1727 1468 nexus
1751 1408 1962 1469 harum
1983 1410 2298 1472 veritatum

195 1519 258 1577 in
296 1514 556 1574 doctrina
597 1507 897 1568 catholica.
1500 1574 1502 1576 Υ
1709 1513 1713 1515 ’

279 1611 417 1668 472.
465 1609 656 1684 Longe
697 1603 1021 1674 diversum7
1054 1601 1172 1659 imo
1214 1621 1348 1659 vero
1390 1599 1746 1658 contrarium
1781 1610 1869 1659 est
1899 1610 2144 1680 systema
2175 1601 2299 1659 No-

200 1716 470 1765 vatorum
505 1720 627 1758 saec.
661 1699 807 1756 XVI.
860 1698 1011 1756 Nam
1050 1695 1157 1774 ipsi
1186 1743 1201 1767 7
1247 1695 1331 1752 uti
1363 1697 1573 1775 saepius
1622 1695 1839 1775 pariter
1883 1695 2297 1776 exposuimus,

205 1822 274 1859 ex
312 1797 451 1856 falso
482 1794 796 1875 principio7
838 1789 993 1871 quod
1030 1790 1208 1869 gratia
1242 1790 1364 1851 sive
1389 1790 1614 1867 justitia
1638 1789 1927 1870 originalis
1963 1789 2138 1848 fuerit
2166 1810 2300 1870 pars

210 1892 536 1952 essentialis
570 1888 839 1946 humanae
875 1896 1099 1942 naturae
1127 1929 1142 1957 7
1179 1905 1248 1942 ex
1285 1883 1450 1964 lapsu
1488 1883 1739 1942 hominis
1770 1883 2104 1957 paradisiaci
2140 1884 2303 1941 intu'-

200 1988 399 2046 lerunt
434 1986 620 2065 ipsam
658 1982 976 2039 humanam
1002 1990 1272 2036 naturam
1308 1978 1483 2035 fuisse
1512 1980 1901 2036 essentialiter
1941 1998 2004 2035 ac
2028 1979 2305 2036 substan-

200 2077 429 2139 iialiter
480 2076 884 2134 labefactatam
925 2084 1100 2152 atque
1153 2083 1504 2152 corruptam.
1550 2074 1853 2129 Peccatum
1902 2070 2177 2150 originale
2242 2072 2305 2129 in

202 2177 412 2233 horum
453 2171 711 2229 doctrina
742 2179 829 2227 est
862 2169 1124 2245 qualitas
1152 2170 1415 2243 positiva
1445 2211 1460 2239 7
1500 2166 1616 2223 imo
1657 2166 1999 2222 substantia
2034 2163 2304 2244 quaedam

204 2271 369 2326 mala
394 2310 414 2336 7
444 2286 571 2344 quae
616 2263 838 2320 homini
864 2261 1025 2341 lapso
1059 2262 1376 2318 necessario
1405 2258 1649 2317 inhaeret
1685 2259 1796 2336 (1).
1829 2260 1937 2316 Per
1966 2257 2075 2315 hoc
2102 2279 2305 2338 pecca-

205 2375 335 2420 tum
381 2357 761 2434 intelligentia
800 2367 859 2413 et
896 2353 1160 2413 voluntas
1190 2397 1205 2425 7
1241 2354 1416 2410 etiam
1465 2363 1639 2431 prout
1673 2351 1976 2410 facultates
2009 2351 2302 2411 naturales

209 2466 388 2526 sunt⁴7
425 2472 662 2510 omnem
698 2471 861 2507 suam
900 2447 1255 2505 activitatem
1296 2445 1652 2520 amiserunt7
1693 2467 1801 2505 nec
1829 2447 2158 2507 inserviunt
2191 2446 2301 2504 nisi

206 2548 280 2607 ad
309 2545 667 2628 peccandum
711 2543 818 2621 (2).
863 2545 1098 2600 Peccata
1143 2539 1388 2598 actualia
1420 2562 1543 2598 non
1585 2551 1727 2598 sunt
1753 2540 1862 2598 nisi
1899 2539 2142 2598 totidem
2175 2562 2303 2599 ma·-

274 2738 578 2803 (1)Lutherus
593 2738 643 2783 in
662 2735 750 2781 Ps.
775 2732 1048 2781 L:Lutum
1062 2732 1206 2792 illud,
1292 2733 1508 2781 Bellarm.
1538 2732 1619 2780 De
1666 2742 1792 2782 statu
1829 2735 2019 2798 peccati
2039 2769 2058 2795 ‚
2110 2733 2198 2784 lib.
2236 2750 2264 2781 v
2286 2772 2300 2795 7

182 2832 187 2835 ’
210 2822 363 2885 inquit
385 2857 398 2878 7
416 2835 473 2865 ea·
494 2834 584 2882 quo
601 2814 845 2864 vasculum
873 2814 956 2862 hoc
980 2815 1106 2878 finqi
1122 2831 1215 2861 σω·
1295 2831 1393 2878 cap.
1425 2831 1442 2860 1
1469 2824 1513 2862 et
1532 2831 1635 2878 cap.
1664 2831 1743 2862 xv.
1763 2813 1857 2862 Cfr.
1889 2817 2026 2862 ctiam
2062 2815 2268 2864 Moehler
2284 2853 2300 2876 7

198 2903 310 2966 pit,
335 2898 605 2948 damnabile
634 2905 763 2945 est...
794 2897 958 2944 Foetus
971 2897 1027 2942 in
1052 2902 1181 2942 utero
1195 2930 1212 2956 7
1295 2892 1604 2959 Symbolique
1623 2932 1636 2954 7
1666 2906 1782 2943 tom.
1812 2913 1828 2943 1
1844 2932 1860 2957 7
1884 2914 1984 2960 pag.
2021 2894 2087 2945 56
2107 2907 2151 2946 et
2168 2914 2301 2962 seqq.

211 2992 464 3046 antequam
509 2981 760 3027 nascimur
798 2987 840 3025 et
879 2977 1090 3024 homines
1120 2993 1215 3023 esse
1367 2975 1427 3039 (2)
1446 2975 1598 3024 Solid.
1615 2975 1790 3025 declar.
1810 2994 1827 3023 1
1846 2976 1898 3043 ,S
1931 2995 1988 3025 ιο
2006 3015 2019 3038 ,
2039 2994 2140 3043 pag.
2160 2974 2261 3040 614
2285 2994 2300 3025 2

211 3064 474 3127 incipimus
493 3100 505 3121 7
548 3069 793 3127 peccatum
840 3068 927 3107 est.
972 3058 1048 3106 Sic
1078 3059 1214 3105 etiam
1296 3061 1545 3106 Proeterea
1573 3058 1838 3123 affirmatur
1860 3097 1872 3119 7
1907 3058 2032 3123 quod
2051 3067 2303 3124 peccatum

210 3144 443 3191 Melanch.
465 3144 575 3189 Loc.
617 3140 780 3189 Theol.
808 3157 921 3205 pag.
955 3156 1013 3205 ¹9
1047 3156 1058 3186 ε
1079 3138 1218 3187 Sicut
1299 3137 1532 3204 oriqinale
1555 3141 1609 3187 in
1639 3139 1852 3188 humana
1877 3148 2055 3187 natura
2081 3156 2179 3187 non
2205 3141 2313 3188 tan-

211 3226 269 3272 in
301 3225 413 3286 ique
439 3231 507 3270 est
529 3224 741 3286 qenuina
770 3224 845 3270 vis
860 3258 873 3282 ,
905 3238 1001 3286 qua
1027 3236 1216 3268 sursum
1299 3221 1538 3269 tummodo
1566 3222 1631 3268 sit
1661 3221 1772 3269 talis
1791 3258 1806 3282 7
1837 3220 2025 3285 qualem
2057 3221 2274 3269 dioeimus
2296 3258 2310 3281 7

206 3304 391 3368 fler-tur,
422 3305 546 3351 sicut
575 3306 632 3350 in
662 3313 875 3368 maynete
903 3313 970 3351 est
998 3303 1214 3367 qenuina
1294 3302 1538 3351 horribilis
1569 3302 1773 3366 defectus
1819 3319 1986 3351 omnm
2020 3319 2226 3359 nonunt
2239 3308 2312 3351 vi-

213 3385 287 3432 vis
301 3419 319 3445 7
355 3401 449 3447 qua
479 3383 542 3432 ad
575 3400 622 3431 se
645 3384 830 3448 serrum
857 3384 1030 3445 trahit,
1057 3386 1128 3431 ita
1150 3391 1217 3431 est
1299 3401 1406 3431 mun
1431 3385 1486 3430 in
1515 3370 1654 3430 vrebus
1679 3381 2017 3449 spiritualibus
2055 3384 2120 3431 ad
2147 3383 2311 3432 Deum

215 3466 274 3512 in
303 3464 491 3511 homine
524 3466 691 3513 nativa
713 3467 786 3513 vis
809 3465 872 3514 ad
891 3465 1212 3530 peccandum.
1290 3464 1672 3531 pertinentibus3
1695 3451 2063 3530 sedquodetiam
2078 3466 2135 3513 in
2148 3463 2307 3513 locum

217 3545 290 3592 Ex
318 3542 514 3592 Luthero
554 3545 835 3609 paradoxum
880 3564 1015 3594 suum
1066 3546 1219 3595 hausit
1299 3546 1534 3610 imaqinis
1562 3544 1667 3593 Dei
1692 3549 1885 3597 amissae
1920 3545 2195 3596 successerit
2222 3545 2303 3591 in-

216 3619 428 3674 Matthias
457 3625 662 3673 Flaccius
687 3625 900 3691 Illyricas
917 3661 932 3686 ,
964 3624 1086 3690 quod
1111 3643 1217 3691 pec-
1299 3622 1418 3674 tima
1433 3662 1446 3686 7
1459 3628 1674 3691 pessima
1691 3665 1704 3688 7
1715 3627 2103 3693 profundissima
2125 3625 2308 3688 (instar

206 3716 372 3757 catum
411 3706 633 3770 originale
675 3708 731 3754 sit
764 3707 1071 3755 Substantia.
1105 3706 1214 3754 cfr.
1299 3706 1548 3772 enjusdam
1563 3695 2105 3772 abyssz‘)7inscrutaliilis
2119 3713 2162 3754 et
2177 3705 2304 3768 inef-
