<?xml version="1.0" encoding="UTF-8"?>
<!DOCTYPE html PUBLIC "-//W3C//DTD XHTML 1.0 Transitional//EN"
    "http://www.w3.org/TR/xhtml1/DTD/xhtml1-transitional.dtd">
<html xmlns="http://www.w3.org/1999/xhtml" xml:lang="en" lang="en">
 <head>
  <title>
</title>
<meta http-equiv="Content-Type" content="text/html;charset=utf-8" />
  <meta name='ocr-system' content='tesseract 3.04.00' />
  <meta name='ocr-capabilities' content='ocr_page ocr_carea ocr_par ocr_line ocrx_word'/>
</head>
<body>
  <div class='ocr_page' id='page_1' title='image "a603693805perruoft_0243.png"; bbox 0 0 2430 4056; ppageno 0'>
   <div class='ocr_carea' id='block_1_1' title="bbox 2069 153 2186 213">
    <p class='ocr_par' dir='ltr' id='par_1_1' title="bbox 2069 153 2186 213">
     <span class='ocr_line' id='line_1_1' title="bbox 2069 153 2186 213; baseline 0.017 -2"><span class='ocrx_word' id='word_1_1' title='bbox 2069 153 2186 213; x_wconf 81' lang='lat'>237</span> 
     </span>
    </p>
   </div>
   <div class='ocr_carea' id='block_1_2' title="bbox 464 155 1820 212">
    <p class='ocr_par' dir='ltr' id='par_1_2' title="bbox 464 155 1820 212">
     <span class='ocr_line' id='line_1_2' title="bbox 464 155 1820 212; baseline -0.001 0"><span class='ocrx_word' id='word_1_2' title='bbox 464 176 623 212; x_wconf 71' lang='lat' dir='ltr'>mur.</span> <span class='ocrx_word' id='word_1_3' title='bbox 671 175 733 211; x_wconf 86' lang='lat'>11.</span> <span class='ocrx_word' id='word_1_4' title='bbox 778 173 902 211; x_wconf 66' lang='lat' dir='ltr'>cur.</span> <span class='ocrx_word' id='word_1_5' title='bbox 950 167 1015 209; x_wconf 86' lang='lat'>11.</span> <span class='ocrx_word' id='word_1_6' title='bbox 1064 173 1131 208; x_wconf 77' lang='lat' dir='ltr'>nn</span> <span class='ocrx_word' id='word_1_7' title='bbox 1174 155 1614 210; x_wconf 70' lang='lat' dir='ltr'>Jusmucm&#39;onn</span> <span class='ocrx_word' id='word_1_8' title='bbox 1657 173 1820 210; x_wconf 80' lang='lat' dir='ltr'>1MP11.</span> 
     </span>
    </p>
   </div>
   <div class='ocr_carea' id='block_1_3' title="bbox 39 310 2187 1712">
    <p class='ocr_par' dir='ltr' id='par_1_3' title="bbox 39 310 2187 1712">
     <span class='ocr_line' id='line_1_3' title="bbox 105 310 2187 396; baseline -0 -24"><span class='ocrx_word' id='word_1_9' title='bbox 105 326 192 373; x_wconf 91' lang='lat' dir='ltr'>set</span> <span class='ocrx_word' id='word_1_10' title='bbox 229 314 342 373; x_wconf 91' lang='lat' dir='ltr'>ulla</span> <span class='ocrx_word' id='word_1_11' title='bbox 369 314 612 396; x_wconf 87' lang='lat' dir='ltr'>amp1ius</span> <span class='ocrx_word' id='word_1_12' title='bbox 644 311 842 371; x_wconf 90' lang='lat' dir='ltr'>haberi</span> <span class='ocrx_word' id='word_1_13' title='bbox 879 311 1160 370; x_wconf 83' lang='lat' dir='ltr'><strong>certitudo</strong></span> <span class='ocrx_word' id='word_1_14' title='bbox 1195 312 1316 372; x_wconf 91' lang='lat' dir='ltr'>sive</span> <span class='ocrx_word' id='word_1_15' title='bbox 1353 310 1574 392; x_wconf 84' lang='lat' dir='ltr'>adeptae</span> <span class='ocrx_word' id='word_1_16' title='bbox 1601 311 1948 371; x_wconf 85' lang='lat' dir='ltr'>remissionis</span> <span class='ocrx_word' id='word_1_17' title='bbox 1985 331 2187 393; x_wconf 92' lang='lat' dir='ltr'>pecca-</span> 
     </span>
     <span class='ocr_line' id='line_1_4' title="bbox 103 405 2184 489; baseline -0 -23"><span class='ocrx_word' id='word_1_18' title='bbox 103 419 293 467; x_wconf 89' lang='lat' dir='ltr'>torum</span> <span class='ocrx_word' id='word_1_19' title='bbox 349 409 468 469; x_wconf 91' lang='lat' dir='ltr'>sive</span> <span class='ocrx_word' id='word_1_20' title='bbox 504 406 702 466; x_wconf 89' lang='lat' dir='ltr'>salutis</span> <span class='ocrx_word' id='word_1_21' title='bbox 729 416 956 464; x_wconf 82' lang='lat' dir='ltr'>aeternae</span> <span class='ocrx_word' id='word_1_22' title='bbox 985 451 998 478; x_wconf 64' lang='lat' dir='ltr'>a</span> <span class='ocrx_word' id='word_1_23' title='bbox 1029 427 1157 486; x_wconf 84' lang='lat' dir='ltr'>quae</span> <span class='ocrx_word' id='word_1_24' title='bbox 1191 416 1387 464; x_wconf 91' lang='lat' dir='ltr'>tamen</span> <span class='ocrx_word' id='word_1_25' title='bbox 1425 405 1705 465; x_wconf 83' lang='lat' dir='ltr'>certitudo</span> <span class='ocrx_word' id='word_1_26' title='bbox 1740 418 1826 465; x_wconf 91' lang='lat' dir='ltr'>est</span> <span class='ocrx_word' id='word_1_27' title='bbox 1861 406 2184 489; x_wconf 85' lang='lat' dir='ltr'>proprietas</span> 
     </span>
     <span class='ocr_line' id='line_1_5' title="bbox 103 498 2182 582; baseline 0 -22"><span class='ocrx_word' id='word_1_28' title='bbox 103 502 415 561; x_wconf 89' lang='lat' dir='ltr'>essentialis</span> <span class='ocrx_word' id='word_1_29' title='bbox 453 500 586 559; x_wconf 90' lang='lat' dir='ltr'>fidei</span> <span class='ocrx_word' id='word_1_30' title='bbox 627 498 978 573; x_wconf 72' lang='lat' dir='ltr'>christianae,</span> <span class='ocrx_word' id='word_1_31' title='bbox 1012 500 1072 558; x_wconf 93' lang='lat' dir='ltr'>id</span> <span class='ocrx_word' id='word_1_32' title='bbox 1108 511 1227 574; x_wconf 80' lang='lat' dir='ltr'>est,</span> <span class='ocrx_word' id='word_1_33' title='bbox 1276 501 1529 578; x_wconf 62' lang='lat' dir='ltr'>fiduciae.</span> <span class='ocrx_word' id='word_1_34' title='bbox 1574 501 1723 558; x_wconf 90' lang='lat' dir='ltr'>Hinc</span> <span class='ocrx_word' id='word_1_35' title='bbox 1752 521 1894 582; x_wconf 91' lang='lat' dir='ltr'>opus</span> <span class='ocrx_word' id='word_1_36' title='bbox 1938 521 2182 580; x_wconf 84' lang='lat' dir='ltr'>regene-</span> 
     </span>
     <span class='ocr_line' id='line_1_6' title="bbox 106 592 2182 676; baseline 0 -23"><span class='ocrx_word' id='word_1_37' title='bbox 106 596 342 655; x_wconf 85' lang='lat' dir='ltr'>rationis</span> <span class='ocrx_word' id='word_1_38' title='bbox 372 595 446 654; x_wconf 92' lang='lat' dir='ltr'>ad</span> <span class='ocrx_word' id='word_1_39' title='bbox 480 597 664 653; x_wconf 91' lang='lat' dir='ltr'>Deum</span> <span class='ocrx_word' id='word_1_40' title='bbox 701 592 889 651; x_wconf 91' lang='lat' dir='ltr'>solum</span> <span class='ocrx_word' id='word_1_41' title='bbox 922 605 1182 675; x_wconf 77' lang='lat' dir='ltr'>spectat3</span> <span class='ocrx_word' id='word_1_42' title='bbox 1226 594 1400 652; x_wconf 86' lang='lat' dir='ltr'>homo</span> <span class='ocrx_word' id='word_1_43' title='bbox 1427 594 1649 653; x_wconf 91' lang='lat' dir='ltr'>nullam</span> <span class='ocrx_word' id='word_1_44' title='bbox 1672 596 1916 654; x_wconf 88' lang='lat' dir='ltr'>activam</span> <span class='ocrx_word' id='word_1_45' title='bbox 1953 607 2182 676; x_wconf 86' lang='lat' dir='ltr'>partem</span> 
     </span>
     <span class='ocr_line' id='line_1_7' title="bbox 100 687 2182 770; baseline 0 -24"><span class='ocrx_word' id='word_1_46' title='bbox 100 689 160 746; x_wconf 90' lang='lat' dir='ltr'>in</span> <span class='ocrx_word' id='word_1_47' title='bbox 213 710 278 748; x_wconf 91' lang='lat' dir='ltr'>ea</span> <span class='ocrx_word' id='word_1_48' title='bbox 323 687 532 760; x_wconf 74' lang='lat' dir='ltr'>habete,</span> <span class='ocrx_word' id='word_1_49' title='bbox 583 687 717 767; x_wconf 87' lang='lat' dir='ltr'>quia</span> <span class='ocrx_word' id='word_1_50' title='bbox 757 687 911 745; x_wconf 75' lang='lat' dir='ltr'>solus‘</span> <span class='ocrx_word' id='word_1_51' title='bbox 955 688 1198 768; x_wconf 89' lang='lat' dir='ltr'>Spiritus</span> <span class='ocrx_word' id='word_1_52' title='bbox 1238 690 1509 763; x_wconf 74' lang='lat' dir='ltr'>SanctUS‚</span> <span class='ocrx_word' id='word_1_53' title='bbox 1547 689 1644 768; x_wconf 90' lang='lat' dir='ltr'>qui</span> <span class='ocrx_word' id='word_1_54' title='bbox 1684 689 1949 770; x_wconf 84' lang='lat' dir='ltr'>producit</span> <span class='ocrx_word' id='word_1_55' title='bbox 1985 700 2182 748; x_wconf 88' lang='lat' dir='ltr'>actum</span> 
     </span>
     <span class='ocr_line' id='line_1_8' title="bbox 100 781 2170 860; baseline 0 -19"><span class='ocrx_word' id='word_1_56' title='bbox 100 782 382 855; x_wconf 67' lang='lat' dir='ltr'>hominiS‚</span> <span class='ocrx_word' id='word_1_57' title='bbox 423 792 509 840; x_wconf 90' lang='lat' dir='ltr'>est</span> <span class='ocrx_word' id='word_1_58' title='bbox 531 781 814 842; x_wconf 81' lang='lat' dir='ltr'>exclusive</span> <span class='ocrx_word' id='word_1_59' title='bbox 854 785 1088 842; x_wconf 82' lang='lat' dir='ltr'>activuS.</span> <span class='ocrx_word' id='word_1_60' title='bbox 1126 783 1246 839; x_wconf 88' lang='lat' dir='ltr'>Hac</span> <span class='ocrx_word' id='word_1_61' title='bbox 1279 783 1501 840; x_wconf 87' lang='lat' dir='ltr'>ratione</span> <span class='ocrx_word' id='word_1_62' title='bbox 1529 793 1649 839; x_wconf 92' lang='lat' dir='ltr'>tota</span> <span class='ocrx_word' id='word_1_63' title='bbox 1682 783 1854 860; x_wconf 83' lang='lat' dir='ltr'>gloria</span> <span class='ocrx_word' id='word_1_64' title='bbox 1894 784 1955 841; x_wconf 91' lang='lat' dir='ltr'>in</span> <span class='ocrx_word' id='word_1_65' title='bbox 1982 786 2170 843; x_wconf 90' lang='lat' dir='ltr'>Deum</span> 
     </span>
     <span class='ocr_line' id='line_1_9' title="bbox 39 873 2176 956; baseline 0 -22"><span class='ocrx_word' id='word_1_66' title='bbox 39 922 41 925; x_wconf 82' lang='lat'>.</span> <span class='ocrx_word' id='word_1_67' title='bbox 96 878 260 934; x_wconf 90' lang='lat' dir='ltr'>unice</span> <span class='ocrx_word' id='word_1_68' title='bbox 283 873 570 934; x_wconf 88' lang='lat' dir='ltr'>redundat</span> <span class='ocrx_word' id='word_1_69' title='bbox 590 921 604 949; x_wconf 64' lang='lat'><em>7</em></span> <span class='ocrx_word' id='word_1_70' title='bbox 635 877 774 956; x_wconf 89' lang='lat' dir='ltr'>quin</span> <span class='ocrx_word' id='word_1_71' title='bbox 790 876 968 934; x_wconf 86' lang='lat' dir='ltr'>ullam</span> <span class='ocrx_word' id='word_1_72' title='bbox 982 877 1103 952; x_wconf 87' lang='lat' dir='ltr'>ejus</span> <span class='ocrx_word' id='word_1_73' title='bbox 1121 875 1459 955; x_wconf 88' lang='lat' dir='ltr'>particulam</span> <span class='ocrx_word' id='word_1_74' title='bbox 1482 875 1542 931; x_wconf 90' lang='lat' dir='ltr'>in</span> <span class='ocrx_word' id='word_1_75' title='bbox 1562 876 1982 951; x_wconf 86' lang='lat' dir='ltr'>justificationis</span> <span class='ocrx_word' id='word_1_76' title='bbox 2003 898 2176 956; x_wconf 90' lang='lat' dir='ltr'>opere</span> 
     </span>
     <span class='ocr_line' id='line_1_10' title="bbox 93 967 2176 1051; baseline 0.001 -25"><span class='ocrx_word' id='word_1_77' title='bbox 93 969 266 1027; x_wconf 87' lang='lat' dir='ltr'>homo</span> <span class='ocrx_word' id='word_1_78' title='bbox 297 968 407 1027; x_wconf 87' lang='lat' dir='ltr'>sibi</span> <span class='ocrx_word' id='word_1_79' title='bbox 448 991 710 1048; x_wconf 82' lang='lat' dir='ltr'>arrogare</span> <span class='ocrx_word' id='word_1_80' title='bbox 753 971 949 1051; x_wconf 91' lang='lat' dir='ltr'>possit.</span> <span class='ocrx_word' id='word_1_81' title='bbox 995 972 1079 1026; x_wconf 89' lang='lat' dir='ltr'>Ita</span> <span class='ocrx_word' id='word_1_82' title='bbox 1121 967 1430 1026; x_wconf 90' lang='lat' dir='ltr'>Lutherani</span> <span class='ocrx_word' id='word_1_83' title='bbox 1460 968 1566 1048; x_wconf 92' lang='lat' dir='ltr'>(l).</span> <span class='ocrx_word' id='word_1_84' title='bbox 1625 968 1948 1028; x_wconf 81' lang='lat' dir='ltr'>Calvinistae</span> <span class='ocrx_word' id='word_1_85' title='bbox 1986 970 2176 1049; x_wconf 87' lang='lat' dir='ltr'>quoad</span> 
     </span>
     <span class='ocr_line' id='line_1_11' title="bbox 92 1061 2179 1137; baseline 0 -16"><span class='ocrx_word' id='word_1_86' title='bbox 92 1063 175 1122; x_wconf 91' lang='lat' dir='ltr'>rei</span> <span class='ocrx_word' id='word_1_87' title='bbox 207 1062 589 1121; x_wconf 89' lang='lat' dir='ltr'>substantiam</span> <span class='ocrx_word' id='word_1_88' title='bbox 618 1085 750 1123; x_wconf 91' lang='lat' dir='ltr'>cum</span> <span class='ocrx_word' id='word_1_89' title='bbox 783 1063 893 1122; x_wconf 91' lang='lat' dir='ltr'>illis</span> <span class='ocrx_word' id='word_1_90' title='bbox 928 1063 1320 1137; x_wconf 82' lang='lat' dir='ltr'>conveniunt,</span> <span class='ocrx_word' id='word_1_91' title='bbox 1345 1082 1449 1119; x_wconf 91' lang='lat' dir='ltr'>nec</span> <span class='ocrx_word' id='word_1_92' title='bbox 1490 1061 1767 1120; x_wconf 89' lang='lat' dir='ltr'>differunt</span> <span class='ocrx_word' id='word_1_93' title='bbox 1804 1063 1911 1120; x_wconf 90' lang='lat' dir='ltr'>nisi</span> <span class='ocrx_word' id='word_1_94' title='bbox 1943 1063 2006 1119; x_wconf 95' lang='lat' dir='ltr'>in</span> <span class='ocrx_word' id='word_1_95' title='bbox 2035 1064 2179 1121; x_wconf 86' lang='lat' dir='ltr'>acci-</span> 
     </span>
     <span class='ocr_line' id='line_1_12' title="bbox 93 1155 2177 1238; baseline 0 -23"><span class='ocrx_word' id='word_1_96' title='bbox 93 1157 448 1234; x_wconf 82' lang='lat' dir='ltr'>dentalibuS‚</span> <span class='ocrx_word' id='word_1_97' title='bbox 470 1159 531 1216; x_wconf 93' lang='lat' dir='ltr'>in</span> <span class='ocrx_word' id='word_1_98' title='bbox 554 1181 621 1217; x_wconf 91' lang='lat' dir='ltr'>eo</span> <span class='ocrx_word' id='word_1_99' title='bbox 639 1203 662 1230; x_wconf 88' lang='lat'><em>,</em></span> <span class='ocrx_word' id='word_1_100' title='bbox 680 1179 769 1217; x_wconf 83' lang='lat' dir='ltr'>ex.</span> <span class='ocrx_word' id='word_1_101' title='bbox 799 1180 886 1237; x_wconf 81' lang='lat' dir='ltr'>gr.</span> <span class='ocrx_word' id='word_1_102' title='bbox 911 1155 1064 1238; x_wconf 90' lang='lat' dir='ltr'>quod</span> <span class='ocrx_word' id='word_1_103' title='bbox 1098 1155 1368 1215; x_wconf 88' lang='lat' dir='ltr'>Calvinus</span> <span class='ocrx_word' id='word_1_104' title='bbox 1390 1155 1733 1228; x_wconf 87' lang='lat' dir='ltr'>contendat,</span> <span class='ocrx_word' id='word_1_105' title='bbox 1765 1178 1889 1214; x_wconf 66' lang='lat' dir='ltr'>non⁴</span> <span class='ocrx_word' id='word_1_106' title='bbox 1911 1156 2028 1214; x_wconf 88' lang='lat' dir='ltr'>sola</span> <span class='ocrx_word' id='word_1_107' title='bbox 2062 1156 2177 1216; x_wconf 89' lang='lat' dir='ltr'>fide</span> 
     </span>
     <span class='ocr_line' id='line_1_13' title="bbox 90 1251 2176 1335; baseline -0 -25"><span class='ocrx_word' id='word_1_108' title='bbox 90 1251 386 1323; x_wconf 88' lang='lat' dir='ltr'>hominem</span> <span class='ocrx_word' id='word_1_109' title='bbox 409 1254 774 1335; x_wconf 80' lang='lat' dir='ltr'>expergefieri</span> <span class='ocrx_word' id='word_1_110' title='bbox 794 1275 824 1311; x_wconf 91' lang='lat' dir='ltr'>a</span> <span class='ocrx_word' id='word_1_111' title='bbox 842 1253 1084 1334; x_wconf 88' lang='lat' dir='ltr'>peccatis</span> <span class='ocrx_word' id='word_1_112' title='bbox 1118 1251 1266 1324; x_wconf 75' lang='lat' dir='ltr'>suis3</span> <span class='ocrx_word' id='word_1_113' title='bbox 1300 1251 1400 1310; x_wconf 90' lang='lat' dir='ltr'>sed</span> <span class='ocrx_word' id='word_1_114' title='bbox 1421 1251 1577 1332; x_wconf 87' lang='lat' dir='ltr'>quod</span> <span class='ocrx_word' id='word_1_115' title='bbox 1592 1251 1748 1309; x_wconf 88' lang='lat' dir='ltr'>hunc</span> <span class='ocrx_word' id='word_1_116' title='bbox 1774 1253 2041 1310; x_wconf 88' lang='lat' dir='ltr'>effectum</span> <span class='ocrx_word' id='word_1_117' title='bbox 2077 1252 2176 1309; x_wconf 92' lang='lat' dir='ltr'>tri-</span> 
     </span>
     <span class='ocr_line' id='line_1_14' title="bbox 90 1343 2173 1427; baseline -0 -24"><span class='ocrx_word' id='word_1_118' title='bbox 90 1344 517 1427; x_wconf 86' lang='lat' dir='ltr'>buatpraeterea</span> <span class='ocrx_word' id='word_1_119' title='bbox 544 1346 871 1425; x_wconf 76' lang='lat' dir='ltr'>Evangeli03</span> <span class='ocrx_word' id='word_1_120' title='bbox 900 1344 1056 1426; x_wconf 90' lang='lat' dir='ltr'>quod</span> <span class='ocrx_word' id='word_1_121' title='bbox 1068 1366 1137 1404; x_wconf 84' lang='lat' dir='ltr'>ex</span> <span class='ocrx_word' id='word_1_122' title='bbox 1154 1343 1266 1403; x_wconf 91' lang='lat' dir='ltr'>fide</span> <span class='ocrx_word' id='word_1_123' title='bbox 1286 1345 1607 1423; x_wconf 84' lang='lat' dir='ltr'>ingenerari</span> <span class='ocrx_word' id='word_1_124' title='bbox 1623 1357 1850 1405; x_wconf 89' lang='lat' dir='ltr'>censeat</span> <span class='ocrx_word' id='word_1_125' title='bbox 1877 1346 2173 1425; x_wconf 88' lang='lat' dir='ltr'>poeniten-</span> 
     </span>
     <span class='ocr_line' id='line_1_15' title="bbox 90 1438 2173 1521; baseline 0 -25"><span class='ocrx_word' id='word_1_126' title='bbox 90 1441 229 1499; x_wconf 86' lang='lat' dir='ltr'>tiam</span> <span class='ocrx_word' id='word_1_127' title='bbox 259 1461 322 1498; x_wconf 88' lang='lat' dir='ltr'>ac</span> <span class='ocrx_word' id='word_1_128' title='bbox 361 1440 629 1521; x_wconf 87' lang='lat' dir='ltr'>deinceps</span> <span class='ocrx_word' id='word_1_129' title='bbox 665 1441 1208 1512; x_wconf 76' lang='lat' dir='ltr'>sanctificationem3</span> <span class='ocrx_word' id='word_1_130' title='bbox 1249 1441 1718 1516; x_wconf 86' lang='lat' dir='ltr'>justificationem</span> <span class='ocrx_word' id='word_1_131' title='bbox 1766 1439 2003 1499; x_wconf 89' lang='lat' dir='ltr'>demum</span> <span class='ocrx_word' id='word_1_132' title='bbox 2031 1438 2173 1500; x_wconf 89' lang='lat' dir='ltr'>velit</span> 
     </span>
     <span class='ocr_line' id='line_1_16' title="bbox 88 1533 2169 1615; baseline 0 -24"><span class='ocrx_word' id='word_1_133' title='bbox 88 1555 208 1592; x_wconf 90' lang='lat' dir='ltr'>esse</span> <span class='ocrx_word' id='word_1_134' title='bbox 232 1535 522 1615; x_wconf 88' lang='lat' dir='ltr'>propriam</span> <span class='ocrx_word' id='word_1_135' title='bbox 549 1534 951 1593; x_wconf 90' lang='lat' dir='ltr'>tantummodo</span> <span class='ocrx_word' id='word_1_136' title='bbox 978 1534 1286 1593; x_wconf 89' lang='lat' dir='ltr'>electorum</span> <span class='ocrx_word' id='word_1_137' title='bbox 1318 1559 1333 1607; x_wconf 68' lang='grc' dir='ltr'><strong>ς</strong></span> <span class='ocrx_word' id='word_1_138' title='bbox 1374 1533 1596 1614; x_wconf 89' lang='lat' dir='ltr'>aliaque</span> <span class='ocrx_word' id='word_1_139' title='bbox 1628 1534 1910 1612; x_wconf 88' lang='lat' dir='ltr'>ejusmodi</span> <span class='ocrx_word' id='word_1_140' title='bbox 1936 1533 2169 1615; x_wconf 82' lang='lat' dir='ltr'>propria</span> 
     </span>
     <span class='ocr_line' id='line_1_17' title="bbox 86 1616 1316 1712; baseline 0 -27"><span class='ocrx_word' id='word_1_141' title='bbox 86 1616 295 1689; x_wconf 86' lang='lat' dir='ltr'>habeat</span> <span class='ocrx_word' id='word_1_142' title='bbox 318 1674 333 1705; x_wconf 81' lang='lat'>‚</span> <span class='ocrx_word' id='word_1_143' title='bbox 372 1649 497 1710; x_wconf 88' lang='lat' dir='ltr'>quae</span> <span class='ocrx_word' id='word_1_144' title='bbox 521 1628 789 1711; x_wconf 89' lang='lat' dir='ltr'>deinceps</span> <span class='ocrx_word' id='word_1_145' title='bbox 819 1650 1177 1712; x_wconf 82' lang='lat' dir='ltr'>exponemus</span> <span class='ocrx_word' id='word_1_146' title='bbox 1209 1627 1316 1707; x_wconf 78' lang='lat'>(2).</span> 
     </span>
    </p>
   </div>
   <div class='ocr_carea' id='block_1_4' title="bbox 69 1833 1080 2629">
    <p class='ocr_par' dir='ltr' id='par_1_4' title="bbox 69 1833 1080 2629">
     <span class='ocr_line' id='line_1_18' title="bbox 151 1833 1080 1898; baseline 0.003 -18"><span class='ocrx_word' id='word_1_147' title='bbox 151 1833 217 1897; x_wconf 86' lang='lat' dir='ltr'>(l)</span> <span class='ocrx_word' id='word_1_148' title='bbox 255 1834 321 1882; x_wconf 84' lang='lat' dir='ltr'>Ita</span> <span class='ocrx_word' id='word_1_149' title='bbox 350 1837 435 1898; x_wconf 85' lang='lat' dir='ltr'>ipsi</span> <span class='ocrx_word' id='word_1_150' title='bbox 466 1838 516 1882; x_wconf 87' lang='lat' dir='ltr'>in</span> <span class='ocrx_word' id='word_1_151' title='bbox 547 1835 694 1883; x_wconf 86' lang='lat' dir='ltr'>Solid.</span> <span class='ocrx_word' id='word_1_152' title='bbox 730 1835 900 1884; x_wconf 85' lang='lat' dir='ltr'>declar.</span> <span class='ocrx_word' id='word_1_153' title='bbox 934 1855 975 1897; x_wconf 88' lang='lat' dir='ltr'>v,</span> <span class='ocrx_word' id='word_1_154' title='bbox 1000 1836 1080 1884; x_wconf 88' lang='lat' dir='ltr'>De</span> 
     </span>
     <span class='ocr_line' id='line_1_19' title="bbox 83 1913 1080 1983; baseline 0.004 -22"><span class='ocrx_word' id='word_1_155' title='bbox 83 1913 208 1978; x_wconf 83' lang='lat' dir='ltr'>Leqe</span> <span class='ocrx_word' id='word_1_156' title='bbox 232 1923 276 1961; x_wconf 85' lang='lat' dir='ltr'>et</span> <span class='ocrx_word' id='word_1_157' title='bbox 300 1913 537 1979; x_wconf 76' lang='lat' dir='ltr'>Evanqel.</span> <span class='ocrx_word' id='word_1_158' title='bbox 573 1914 598 1981; x_wconf 71' lang='lat' dir='ltr'>S</span> <span class='ocrx_word' id='word_1_159' title='bbox 631 1915 689 1977; x_wconf 82' lang='lat'>6,</span> <span class='ocrx_word' id='word_1_160' title='bbox 718 1935 767 1981; x_wconf 92' lang='lat' dir='ltr'>p.</span> <span class='ocrx_word' id='word_1_161' title='bbox 790 1916 927 1983; x_wconf 84' lang='lat'>678:</span> <span class='ocrx_word' id='word_1_162' title='bbox 955 1917 1080 1965; x_wconf 88' lang='lat' dir='ltr'>Pec-</span> 
     </span>
     <span class='ocr_line' id='line_1_20' title="bbox 79 1995 1079 2059; baseline 0.002 -18"><span class='ocrx_word' id='word_1_163' title='bbox 79 2003 289 2042; x_wconf 85' lang='lat' dir='ltr'>catorum</span> <span class='ocrx_word' id='word_1_164' title='bbox 314 1998 518 2059; x_wconf 77' lang='lat' dir='ltr'>coqnitio</span> <span class='ocrx_word' id='word_1_165' title='bbox 544 2012 601 2043; x_wconf 73' lang='lat' dir='ltr'>ea·</span> <span class='ocrx_word' id='word_1_166' title='bbox 630 1995 725 2059; x_wconf 78' lang='lat' dir='ltr'>leqe</span> <span class='ocrx_word' id='word_1_167' title='bbox 769 2007 854 2047; x_wconf 84' lang='lat' dir='ltr'>est.</span> <span class='ocrx_word' id='word_1_168' title='bbox 886 1996 970 2045; x_wconf 89' lang='lat' dir='ltr'>Ad</span> <span class='ocrx_word' id='word_1_169' title='bbox 1000 2013 1079 2044; x_wconf 86' lang='lat' dir='ltr'>sa-</span> 
     </span>
     <span class='ocr_line' id='line_1_21' title="bbox 78 2074 1077 2145; baseline 0.005 -24"><span class='ocrx_word' id='word_1_170' title='bbox 78 2074 277 2124; x_wconf 88' lang='lat' dir='ltr'>lutarem</span> <span class='ocrx_word' id='word_1_171' title='bbox 306 2076 412 2125; x_wconf 83' lang='lat' dir='ltr'>vero</span> <span class='ocrx_word' id='word_1_172' title='bbox 436 2079 781 2126; x_wconf 84' lang='lat' dir='ltr'>conversionem</span> <span class='ocrx_word' id='word_1_173' title='bbox 811 2078 897 2126; x_wconf 87' lang='lat' dir='ltr'>illa</span> <span class='ocrx_word' id='word_1_174' title='bbox 914 2081 1077 2145; x_wconf 88' lang='lat' dir='ltr'>poeni-</span> 
     </span>
     <span class='ocr_line' id='line_1_22' title="bbox 79 2145 1073 2221; baseline 0.005 -19"><span class='ocrx_word' id='word_1_175' title='bbox 79 2145 225 2204; x_wconf 81' lang='lat' dir='ltr'>tentia</span> <span class='ocrx_word' id='word_1_176' title='bbox 232 2193 248 2218; x_wconf 84' lang='lat'><em>,</em></span> <span class='ocrx_word' id='word_1_177' title='bbox 268 2175 372 2221; x_wconf 82' lang='lat' dir='ltr'>quoe</span> <span class='ocrx_word' id='word_1_178' title='bbox 383 2167 566 2205; x_wconf 83' lang='lat' dir='ltr'>tantum</span> <span class='ocrx_word' id='word_1_179' title='bbox 578 2161 906 2207; x_wconf 77' lang='lat' dir='ltr'>contritionem</span> <span class='ocrx_word' id='word_1_180' title='bbox 917 2159 1073 2220; x_wconf 68' lang='lat' dir='ltr'>habet,</span> 
     </span>
     <span class='ocr_line' id='line_1_23' title="bbox 79 2237 1077 2303; baseline 0.004 -20"><span class='ocrx_word' id='word_1_181' title='bbox 79 2254 173 2284; x_wconf 90' lang='lat' dir='ltr'>non</span> <span class='ocrx_word' id='word_1_182' title='bbox 196 2237 363 2302; x_wconf 84' lang='lat' dir='ltr'>sufficit</span> <span class='ocrx_word' id='word_1_183' title='bbox 396 2254 410 2300; x_wconf 92' lang='lat'>;</span> <span class='ocrx_word' id='word_1_184' title='bbox 439 2239 520 2285; x_wconf 84' lang='lat' dir='ltr'>sed</span> <span class='ocrx_word' id='word_1_185' title='bbox 551 2256 732 2287; x_wconf 86' lang='lat' dir='ltr'>necesse</span> <span class='ocrx_word' id='word_1_186' title='bbox 762 2251 830 2287; x_wconf 80' lang='lat' dir='ltr'>est</span> <span class='ocrx_word' id='word_1_187' title='bbox 847 2279 859 2300; x_wconf 85' lang='lat'>‚</span> <span class='ocrx_word' id='word_1_188' title='bbox 887 2251 939 2287; x_wconf 90' lang='lat' dir='ltr'>ut</span> <span class='ocrx_word' id='word_1_189' title='bbox 957 2241 1077 2303; x_wconf 82' lang='lat' dir='ltr'>fides</span> 
     </span>
     <span class='ocr_line' id='line_1_24' title="bbox 79 2317 1072 2385; baseline 0.004 -21"><span class='ocrx_word' id='word_1_190' title='bbox 79 2318 132 2364; x_wconf 87' lang='lat' dir='ltr'>in</span> <span class='ocrx_word' id='word_1_191' title='bbox 164 2317 404 2365; x_wconf 76' lang='lat' dir='ltr'>Christum</span> <span class='ocrx_word' id='word_1_192' title='bbox 426 2320 614 2367; x_wconf 73' lang='lat' dir='ltr'>accedat</span> <span class='ocrx_word' id='word_1_193' title='bbox 629 2357 642 2379; x_wconf 89' lang='lat'>,</span> <span class='ocrx_word' id='word_1_194' title='bbox 671 2322 809 2385; x_wconf 84' lang='lat' dir='ltr'>cujus</span> <span class='ocrx_word' id='word_1_195' title='bbox 828 2323 1072 2381; x_wconf 86' lang='lat' dir='ltr'>meritum,</span> 
     </span>
     <span class='ocr_line' id='line_1_25' title="bbox 69 2398 1075 2467; baseline 0.004 -22"><span class='ocrx_word' id='word_1_196' title='bbox 69 2415 160 2464; x_wconf 76' lang='lat' dir='ltr'>per</span> <span class='ocrx_word' id='word_1_197' title='bbox 180 2398 503 2447; x_wconf 76' lang='lat' dir='ltr'>dulcissimam</span> <span class='ocrx_word' id='word_1_198' title='bbox 537 2409 583 2447; x_wconf 89' lang='lat' dir='ltr'>et</span> <span class='ocrx_word' id='word_1_199' title='bbox 614 2401 946 2449; x_wconf 87' lang='lat' dir='ltr'>consolationis</span> <span class='ocrx_word' id='word_1_200' title='bbox 971 2402 1075 2467; x_wconf 87' lang='lat' dir='ltr'>ple·</span> 
     </span>
     <span class='ocr_line' id='line_1_26' title="bbox 79 2479 1078 2544; baseline 0.003 -17"><span class='ocrx_word' id='word_1_201' title='bbox 79 2496 194 2528; x_wconf 84' lang='lat' dir='ltr'>nam</span> <span class='ocrx_word' id='word_1_202' title='bbox 229 2479 495 2544; x_wconf 77' lang='lat' dir='ltr'>annqelii</span> <span class='ocrx_word' id='word_1_203' title='bbox 525 2481 789 2530; x_wconf 78' lang='lat' dir='ltr'>doctrinam</span> <span class='ocrx_word' id='word_1_204' title='bbox 809 2520 821 2542; x_wconf 88' lang='lat'><em>‚</em></span> <span class='ocrx_word' id='word_1_205' title='bbox 857 2483 1078 2530; x_wconf 86' lang='lat' dir='ltr'>omnibus</span> 
     </span>
     <span class='ocr_line' id='line_1_27' title="bbox 84 2562 1055 2629; baseline 0.003 -21"><span class='ocrx_word' id='word_1_206' title='bbox 84 2562 466 2627; x_wconf 72' lang='lat' dir='ltr'>resipiscentibus</span> <span class='ocrx_word' id='word_1_207' title='bbox 478 2564 805 2628; x_wconf 83' lang='lat' dir='ltr'>peccatoribus</span> <span class='ocrx_word' id='word_1_208' title='bbox 833 2566 1026 2629; x_wconf 88' lang='lat' dir='ltr'>offertur</span> <span class='ocrx_word' id='word_1_209' title='bbox 1043 2602 1055 2622; x_wconf 96' lang='lat'>‚</span> 
     </span>
    </p>
   </div>
   <div class='ocr_carea' id='block_1_5' title="bbox 1141 1832 2165 2628">
    <p class='ocr_par' dir='ltr' id='par_1_5' title="bbox 1141 1832 2165 2628">
     <span class='ocr_line' id='line_1_28' title="bbox 1158 1832 2165 1899; baseline -0.001 -18"><span class='ocrx_word' id='word_1_210' title='bbox 1158 1835 1480 1881; x_wconf 85' lang='lat' dir='ltr'>remissionem</span> <span class='ocrx_word' id='word_1_211' title='bbox 1515 1841 1816 1899; x_wconf 78' lang='lat' dir='ltr'>peccatorum</span> <span class='ocrx_word' id='word_1_212' title='bbox 1876 1842 1919 1881; x_wconf 90' lang='lat' dir='ltr'>et</span> <span class='ocrx_word' id='word_1_213' title='bbox 1960 1832 2165 1881; x_wconf 88' lang='lat' dir='ltr'>liberari</span> 
     </span>
     <span class='ocr_line' id='line_1_29' title="bbox 1148 1913 2163 1980; baseline -0.001 -17"><span class='ocrx_word' id='word_1_214' title='bbox 1148 1932 1188 1963; x_wconf 78' lang='lat' dir='ltr'>a</span> <span class='ocrx_word' id='word_1_215' title='bbox 1208 1924 1417 1980; x_wconf 85' lang='lat' dir='ltr'>peccato.</span> <span class='ocrx_word' id='word_1_216' title='bbox 1451 1915 1655 1979; x_wconf 75' lang='lat' dir='ltr'>Apoloq.</span> <span class='ocrx_word' id='word_1_217' title='bbox 1682 1933 1747 1974; x_wconf 75' lang='grc' dir='ltr'>ιν,</span> <span class='ocrx_word' id='word_1_218' title='bbox 1776 1916 1831 1962; x_wconf 92' lang='lat' dir='ltr'>de</span> <span class='ocrx_word' id='word_1_219' title='bbox 1838 1916 2006 1979; x_wconf 84' lang='lat' dir='ltr'>justit.</span> <span class='ocrx_word' id='word_1_220' title='bbox 2031 1914 2058 1979; x_wconf 58' lang='grc' dir='ltr'><strong>ἓ</strong></span> <span class='ocrx_word' id='word_1_221' title='bbox 2079 1913 2163 1974; x_wconf 81' lang='lat'>26,</span> 
     </span>
     <span class='ocr_line' id='line_1_30' title="bbox 1159 1994 2161 2062; baseline -0.002 -19"><span class='ocrx_word' id='word_1_222' title='bbox 1159 2014 1257 2060; x_wconf 82' lang='lat' dir='ltr'>pag.</span> <span class='ocrx_word' id='word_1_223' title='bbox 1279 1994 1341 2062; x_wconf 86' lang='lat'>76</span> <span class='ocrx_word' id='word_1_224' title='bbox 1360 2013 1373 2042; x_wconf 75' lang='grc' dir='ltr'><em>τ</em></span> <span class='ocrx_word' id='word_1_225' title='bbox 1394 1998 1555 2059; x_wconf 78' lang='lat' dir='ltr'>Iqitur</span> <span class='ocrx_word' id='word_1_226' title='bbox 1570 1995 1669 2042; x_wconf 87' lang='lat' dir='ltr'>sola</span> <span class='ocrx_word' id='word_1_227' title='bbox 1692 1997 1789 2059; x_wconf 82' lang='lat' dir='ltr'>fide</span> <span class='ocrx_word' id='word_1_228' title='bbox 1793 1996 2128 2060; x_wconf 83' lang='lat' dir='ltr'>justificamur</span> <span class='ocrx_word' id='word_1_229' title='bbox 2144 2029 2161 2055; x_wconf 88' lang='lat'><strong><em>,</em></strong></span> 
     </span>
     <span class='ocr_line' id='line_1_31' title="bbox 1157 2076 2165 2141; baseline 0.001 -19"><span class='ocrx_word' id='word_1_230' title='bbox 1157 2076 1459 2140; x_wconf 76' lang='lat' dir='ltr'>intelliyendo</span> <span class='ocrx_word' id='word_1_231' title='bbox 1485 2078 1882 2141; x_wconf 84' lang='lat' dir='ltr'>justificationem</span> <span class='ocrx_word' id='word_1_232' title='bbox 1912 2092 1969 2123; x_wconf 76' lang='lat' dir='ltr'>ea·</span> <span class='ocrx_word' id='word_1_233' title='bbox 1985 2077 2165 2141; x_wconf 81' lang='lat' dir='ltr'>injusto</span> 
     </span>
     <span class='ocr_line' id='line_1_32' title="bbox 1141 2156 2157 2223; baseline -0.001 -18"><span class='ocrx_word' id='word_1_234' title='bbox 1141 2161 1334 2223; x_wconf 84' lang='lat' dir='ltr'>justum</span> <span class='ocrx_word' id='word_1_235' title='bbox 1368 2159 1488 2223; x_wconf 84' lang='lat' dir='ltr'>effici</span> <span class='ocrx_word' id='word_1_236' title='bbox 1534 2176 1616 2205; x_wconf 82' lang='lat' dir='ltr'>seu</span> <span class='ocrx_word' id='word_1_237' title='bbox 1648 2159 1934 2222; x_wconf 75' lang='lat' dir='ltr'>reqenerari.</span> <span class='ocrx_word' id='word_1_238' title='bbox 1971 2156 2015 2223; x_wconf 59' lang='grc' dir='ltr'>ἓ.</span> <span class='ocrx_word' id='word_1_239' title='bbox 2068 2174 2157 2223; x_wconf 82' lang='lat'>19,</span> 
     </span>
     <span class='ocr_line' id='line_1_33' title="bbox 1156 2239 2157 2305; baseline -0.001 -19"><span class='ocrx_word' id='word_1_240' title='bbox 1156 2257 1254 2304; x_wconf 85' lang='lat' dir='ltr'>pag.</span> <span class='ocrx_word' id='word_1_241' title='bbox 1279 2256 1339 2305; x_wconf 82' lang='lat'>72</span> <span class='ocrx_word' id='word_1_242' title='bbox 1360 2256 1372 2286; x_wconf 91' lang='lat'>:</span> <span class='ocrx_word' id='word_1_243' title='bbox 1392 2239 1493 2286; x_wconf 90' lang='lat' dir='ltr'>Nec</span> <span class='ocrx_word' id='word_1_244' title='bbox 1512 2247 1715 2303; x_wconf 81' lang='lat' dir='ltr'>possunt</span> <span class='ocrx_word' id='word_1_245' title='bbox 1735 2241 2025 2302; x_wconf 77' lang='lat' dir='ltr'>acquiescere</span> <span class='ocrx_word' id='word_1_246' title='bbox 2040 2255 2157 2303; x_wconf 88' lang='lat' dir='ltr'>per-</span> 
     </span>
     <span class='ocr_line' id='line_1_34' title="bbox 1156 2319 2158 2382; baseline 0.001 -17"><span class='ocrx_word' id='word_1_247' title='bbox 1156 2320 1398 2382; x_wconf 85' lang='lat' dir='ltr'>terrefacta</span> <span class='ocrx_word' id='word_1_248' title='bbox 1409 2319 1550 2366; x_wconf 84' lang='lat' dir='ltr'>corda</span> <span class='ocrx_word' id='word_1_249' title='bbox 1571 2355 1585 2382; x_wconf 86' lang='lat'>‚</span> <span class='ocrx_word' id='word_1_250' title='bbox 1611 2320 1658 2366; x_wconf 88' lang='lat' dir='ltr'>si</span> <span class='ocrx_word' id='word_1_251' title='bbox 1674 2321 1848 2366; x_wconf 85' lang='lat' dir='ltr'>sentire</span> <span class='ocrx_word' id='word_1_252' title='bbox 1869 2319 2037 2366; x_wconf 82' lang='lat' dir='ltr'>debent</span> <span class='ocrx_word' id='word_1_253' title='bbox 2058 2354 2071 2377; x_wconf 93' lang='lat'>,</span> <span class='ocrx_word' id='word_1_254' title='bbox 2110 2335 2158 2366; x_wconf 83' lang='lat' dir='ltr'>se</span> 
     </span>
     <span class='ocr_line' id='line_1_35' title="bbox 1147 2402 2151 2464; baseline -0.001 -17"><span class='ocrx_word' id='word_1_255' title='bbox 1147 2408 1343 2464; x_wconf 89' lang='lat' dir='ltr'>propter</span> <span class='ocrx_word' id='word_1_256' title='bbox 1373 2417 1512 2464; x_wconf 87' lang='lat' dir='ltr'>opera</span> <span class='ocrx_word' id='word_1_257' title='bbox 1534 2402 1736 2464; x_wconf 87' lang='lat' dir='ltr'>propria</span> <span class='ocrx_word' id='word_1_258' title='bbox 1753 2435 1767 2459; x_wconf 88' lang='lat'>,</span> <span class='ocrx_word' id='word_1_259' title='bbox 1793 2408 1879 2446; x_wconf 84' lang='lat' dir='ltr'>aut</span> <span class='ocrx_word' id='word_1_260' title='bbox 1901 2402 2151 2463; x_wconf 82' lang='lat' dir='ltr'>propriam</span> 
     </span>
     <span class='ocr_line' id='line_1_36' title="bbox 1157 2481 2157 2546; baseline 0.001 -18"><span class='ocrx_word' id='word_1_261' title='bbox 1157 2481 1455 2529; x_wconf 86' lang='lat' dir='ltr'>dilectionem</span> <span class='ocrx_word' id='word_1_262' title='bbox 1473 2516 1487 2540; x_wconf 96' lang='lat'>‚</span> <span class='ocrx_word' id='word_1_263' title='bbox 1546 2489 1632 2529; x_wconf 89' lang='lat' dir='ltr'>aut</span> <span class='ocrx_word' id='word_1_264' title='bbox 1679 2481 1793 2544; x_wconf 80' lang='lat' dir='ltr'>quis</span> <span class='ocrx_word' id='word_1_265' title='bbox 1835 2481 2157 2546; x_wconf 79' lang='lat' dir='ltr'>impletionem</span> 
     </span>
     <span class='ocr_line' id='line_1_37' title="bbox 1148 2561 2157 2628; baseline 0.003 -19"><span class='ocrx_word' id='word_1_266' title='bbox 1148 2561 1364 2628; x_wconf 84' lang='lat' dir='ltr'>placere,</span> <span class='ocrx_word' id='word_1_267' title='bbox 1405 2564 1521 2626; x_wconf 82' lang='lat' dir='ltr'>quia</span> <span class='ocrx_word' id='word_1_268' title='bbox 1553 2561 1700 2611; x_wconf 69' lang='lat' dir='ltr'>lateret</span> <span class='ocrx_word' id='word_1_269' title='bbox 1731 2564 1788 2609; x_wconf 86' lang='lat' dir='ltr'>in</span> <span class='ocrx_word' id='word_1_270' title='bbox 1817 2578 1961 2609; x_wconf 87' lang='lat' dir='ltr'>carne</span> <span class='ocrx_word' id='word_1_271' title='bbox 1984 2580 2157 2627; x_wconf 87' lang='lat' dir='ltr'>pecca-</span> 
     </span>
    </p>
   </div>
   <div class='ocr_carea' id='block_1_6' title="bbox 82 2642 2157 2710">
    <p class='ocr_par' dir='ltr' id='par_1_6' title="bbox 82 2642 2157 2710">
     <span class='ocr_line' id='line_1_38' title="bbox 82 2642 2157 2710; baseline 0.002 -22"><span class='ocrx_word' id='word_1_272' title='bbox 82 2642 166 2706; x_wconf 84' lang='lat' dir='ltr'>qui</span> <span class='ocrx_word' id='word_1_273' title='bbox 196 2658 288 2706; x_wconf 87' lang='lat' dir='ltr'>per</span> <span class='ocrx_word' id='word_1_274' title='bbox 316 2642 429 2706; x_wconf 79' lang='lat' dir='ltr'>leqis</span> <span class='ocrx_word' id='word_1_275' title='bbox 463 2643 726 2692; x_wconf 76' lang='lat' dir='ltr'>doctrinam</span> <span class='ocrx_word' id='word_1_276' title='bbox 756 2647 1004 2710; x_wconf 80' lang='lat' dir='ltr'>perterriti</span> <span class='ocrx_word' id='word_1_277' title='bbox 1035 2652 1081 2692; x_wconf 85' lang='lat' dir='ltr'>et</span> <span class='ocrx_word' id='word_1_278' title='bbox 1156 2651 1257 2690; x_wconf 88' lang='lat' dir='ltr'>tum</span> <span class='ocrx_word' id='word_1_279' title='bbox 1287 2681 1299 2704; x_wconf 87' lang='lat'>‚</span> <span class='ocrx_word' id='word_1_280' title='bbox 1355 2643 1479 2708; x_wconf 82' lang='lat' dir='ltr'>quod</span> <span class='ocrx_word' id='word_1_281' title='bbox 1532 2660 1714 2708; x_wconf 84' lang='lat' dir='ltr'>semper</span> <span class='ocrx_word' id='word_1_282' title='bbox 1771 2652 1961 2690; x_wconf 83' lang='lat' dir='ltr'>accusat</span> <span class='ocrx_word' id='word_1_283' title='bbox 2005 2660 2157 2694; x_wconf 87' lang='lat' dir='ltr'>nos...</span> 
     </span>
    </p>
   </div>
   <div class='ocr_carea' id='block_1_7' title="bbox 0 2724 1077 3686">
    <p class='ocr_par' dir='ltr' id='par_1_7' title="bbox 0 2724 1077 3686">
     <span class='ocr_line' id='line_1_39' title="bbox 76 2724 1076 2790; baseline 0.003 -21"><span class='ocrx_word' id='word_1_284' title='bbox 76 2724 307 2788; x_wconf 84' lang='lat' dir='ltr'>prostrati</span> <span class='ocrx_word' id='word_1_285' title='bbox 337 2730 465 2773; x_wconf 56' lang='lat' dir='ltr'>sunu</span> <span class='ocrx_word' id='word_1_286' title='bbox 502 2724 807 2790; x_wconf 76' lang='lat' dir='ltr'>annqelion</span> <span class='ocrx_word' id='word_1_287' title='bbox 843 2727 970 2772; x_wconf 87' lang='lat' dir='ltr'>enim</span> <span class='ocrx_word' id='word_1_288' title='bbox 1001 2742 1076 2772; x_wconf 90' lang='lat' dir='ltr'>re-</span> 
     </span>
     <span class='ocr_line' id='line_1_40' title="bbox 8 2794 1077 2869; baseline 0.004 -19"><span class='ocrx_word' id='word_1_289' title='bbox 8 2794 9 2797; x_wconf 23' lang='lat'><em>*</em></span> <span class='ocrx_word' id='word_1_290' title='bbox 84 2804 355 2851; x_wconf 86' lang='lat' dir='ltr'>missionem</span> <span class='ocrx_word' id='word_1_291' title='bbox 388 2813 687 2869; x_wconf 88' lang='lat' dir='ltr'>peccatorum</span> <span class='ocrx_word' id='word_1_292' title='bbox 741 2823 839 2854; x_wconf 87' lang='lat' dir='ltr'>non</span> <span class='ocrx_word' id='word_1_293' title='bbox 898 2809 1077 2854; x_wconf 86' lang='lat' dir='ltr'>securis</span> 
     </span>
     <span class='ocr_line' id='line_1_41' title="bbox 83 2885 1074 2954; baseline 0.005 -23"><span class='ocrx_word' id='word_1_294' title='bbox 83 2885 344 2946; x_wconf 76' lang='lat' dir='ltr'>mentibus,</span> <span class='ocrx_word' id='word_1_295' title='bbox 369 2886 451 2933; x_wconf 85' lang='lat' dir='ltr'>sed</span> <span class='ocrx_word' id='word_1_296' title='bbox 465 2888 757 2951; x_wconf 83' lang='lat' dir='ltr'>perturbatis</span> <span class='ocrx_word' id='word_1_297' title='bbox 783 2896 829 2936; x_wconf 90' lang='lat' dir='ltr'>et</span> <span class='ocrx_word' id='word_1_298' title='bbox 854 2905 957 2936; x_wconf 86' lang='lat' dir='ltr'>vere</span> <span class='ocrx_word' id='word_1_299' title='bbox 970 2905 1074 2954; x_wconf 87' lang='lat' dir='ltr'>poe-</span> 
     </span>
     <span class='ocr_line' id='line_1_42' title="bbox 83 2967 1074 3028; baseline 0.004 -15"><span class='ocrx_word' id='word_1_300' title='bbox 83 2967 346 3015; x_wconf 80' lang='lat' dir='ltr'>nitentibus</span> <span class='ocrx_word' id='word_1_301' title='bbox 364 2970 647 3017; x_wconf 84' lang='lat' dir='ltr'>annunciat.</span> <span class='ocrx_word' id='word_1_302' title='bbox 666 2968 753 3028; x_wconf 88' lang='lat' dir='ltr'>Et,</span> <span class='ocrx_word' id='word_1_303' title='bbox 772 2985 830 3016; x_wconf 87' lang='lat' dir='ltr'>ne</span> <span class='ocrx_word' id='word_1_304' title='bbox 856 2972 1074 3017; x_wconf 85' lang='lat' dir='ltr'>contritio</span> 
     </span>
     <span class='ocr_line' id='line_1_43' title="bbox 15 3046 1071 3115; baseline 0.005 -21"><span class='ocrx_word' id='word_1_305' title='bbox 15 3046 19 3048; x_wconf 76' lang='grc'><strong>’</strong></span> <span class='ocrx_word' id='word_1_306' title='bbox 82 3056 126 3095; x_wconf 89' lang='lat' dir='ltr'>et</span> <span class='ocrx_word' id='word_1_307' title='bbox 147 3056 340 3095; x_wconf 87' lang='lat' dir='ltr'>terrores</span> <span class='ocrx_word' id='word_1_308' title='bbox 369 3047 485 3112; x_wconf 77' lang='lat' dir='ltr'>leqis</span> <span class='ocrx_word' id='word_1_309' title='bbox 512 3050 567 3096; x_wconf 85' lang='lat' dir='ltr'>in</span> <span class='ocrx_word' id='word_1_310' title='bbox 583 3049 950 3115; x_wconf 83' lang='lat' dir='ltr'>desperationem</span> <span class='ocrx_word' id='word_1_311' title='bbox 966 3068 1071 3099; x_wconf 86' lang='lat' dir='ltr'>ver-</span> 
     </span>
     <span class='ocr_line' id='line_1_44' title="bbox 81 3130 1075 3196; baseline 0.004 -20"><span class='ocrx_word' id='word_1_312' title='bbox 81 3138 272 3189; x_wconf 83' lang='lat' dir='ltr'>tantur,</span> <span class='ocrx_word' id='word_1_313' title='bbox 298 3146 413 3194; x_wconf 88' lang='lat' dir='ltr'>opus</span> <span class='ocrx_word' id='word_1_314' title='bbox 446 3137 513 3177; x_wconf 88' lang='lat' dir='ltr'>est</span> <span class='ocrx_word' id='word_1_315' title='bbox 532 3130 874 3196; x_wconf 87' lang='lat' dir='ltr'>proedicatione</span> <span class='ocrx_word' id='word_1_316' title='bbox 904 3130 957 3179; x_wconf 87' lang='lat' dir='ltr'><em>E</em></span> <span class='ocrx_word' id='word_1_317' title='bbox 958 3148 1075 3179; x_wconf 83' lang='lat' dir='ltr'>oan-</span> 
     </span>
     <span class='ocr_line' id='line_1_45' title="bbox 78 3210 1070 3276; baseline 0.003 -19"><span class='ocrx_word' id='word_1_318' title='bbox 78 3210 197 3275; x_wconf 83' lang='lat' dir='ltr'>9elii</span> <span class='ocrx_word' id='word_1_319' title='bbox 226 3247 239 3270; x_wconf 89' lang='lat'><strong>,</strong></span> <span class='ocrx_word' id='word_1_320' title='bbox 270 3219 325 3258; x_wconf 86' lang='lat' dir='ltr'>ut</span> <span class='ocrx_word' id='word_1_321' title='bbox 358 3213 422 3258; x_wconf 85' lang='lat' dir='ltr'>sit</span> <span class='ocrx_word' id='word_1_322' title='bbox 438 3213 717 3276; x_wconf 87' lang='lat' dir='ltr'>poenitentia</span> <span class='ocrx_word' id='word_1_323' title='bbox 748 3212 813 3260; x_wconf 87' lang='lat' dir='ltr'>ad</span> <span class='ocrx_word' id='word_1_324' title='bbox 855 3212 1070 3262; x_wconf 87' lang='lat' dir='ltr'>salutem.</span> 
     </span>
     <span class='ocr_line' id='line_1_46' title="bbox 83 3290 1070 3360; baseline 0.003 -22"><span class='ocrx_word' id='word_1_325' title='bbox 83 3291 140 3339; x_wconf 87' lang='lat' dir='ltr'>Et</span> <span class='ocrx_word' id='word_1_326' title='bbox 161 3293 327 3340; x_wconf 82' lang='lat' dir='ltr'>iterum</span> <span class='ocrx_word' id='word_1_327' title='bbox 343 3328 356 3352; x_wconf 91' lang='lat'>‚</span> <span class='ocrx_word' id='word_1_328' title='bbox 380 3290 581 3358; x_wconf 80' lang='lat' dir='ltr'>Apoloq.</span> <span class='ocrx_word' id='word_1_329' title='bbox 604 3310 650 3342; x_wconf 80' lang='lat' dir='ltr'>vr</span> <span class='ocrx_word' id='word_1_330' title='bbox 674 3291 703 3358; x_wconf 71' lang='grc' dir='ltr'>ξ</span> <span class='ocrx_word' id='word_1_331' title='bbox 724 3291 789 3357; x_wconf 75' lang='grc'>45</span> <span class='ocrx_word' id='word_1_332' title='bbox 812 3330 824 3354; x_wconf 85' lang='grc'><em>,</em></span> <span class='ocrx_word' id='word_1_333' title='bbox 844 3311 948 3359; x_wconf 85' lang='lat' dir='ltr'>pag.</span> <span class='ocrx_word' id='word_1_334' title='bbox 974 3291 1036 3360; x_wconf 83' lang='lat'>87</span> <span class='ocrx_word' id='word_1_335' title='bbox 1056 3311 1070 3341; x_wconf 90' lang='lat'><strong>:</strong></span> 
     </span>
     <span class='ocr_line' id='line_1_47' title="bbox 82 3361 1075 3439; baseline 0.002 -19"><span class='ocrx_word' id='word_1_336' title='bbox 82 3372 231 3421; x_wconf 85' lang='lat' dir='ltr'>Fides</span> <span class='ocrx_word' id='word_1_337' title='bbox 258 3372 344 3421; x_wconf 88' lang='lat' dir='ltr'>illa</span> <span class='ocrx_word' id='word_1_338' title='bbox 361 3408 377 3434; x_wconf 91' lang='lat'>‚</span> <span class='ocrx_word' id='word_1_339' title='bbox 397 3372 454 3421; x_wconf 85' lang='lat' dir='ltr'>de</span> <span class='ocrx_word' id='word_1_340' title='bbox 483 3390 578 3438; x_wconf 78' lang='lat' dir='ltr'>qua</span> <span class='ocrx_word' id='word_1_341' title='bbox 615 3361 881 3439; x_wconf 74' lang='lat' dir='ltr'>loquimur,</span> <span class='ocrx_word' id='word_1_342' title='bbox 912 3376 1075 3422; x_wconf 68' lang='lat' dir='ltr'>existit</span> 
     </span>
     <span class='ocr_line' id='line_1_48' title="bbox 0 3446 1074 3523; baseline 0.002 -22"><span class='ocrx_word' id='word_1_343' title='bbox 0 3446 1 3478; x_wconf 64' lang='lat'>3</span> <span class='ocrx_word' id='word_1_344' title='bbox 80 3455 135 3501; x_wconf 84' lang='lat' dir='ltr'>in</span> <span class='ocrx_word' id='word_1_345' title='bbox 168 3456 475 3520; x_wconf 85' lang='lat' dir='ltr'>paenitentia,</span> <span class='ocrx_word' id='word_1_346' title='bbox 522 3454 609 3502; x_wconf 75' lang='lat' dir='ltr'>hoc</span> <span class='ocrx_word' id='word_1_347' title='bbox 649 3463 717 3502; x_wconf 84' lang='lat' dir='ltr'>est</span> <span class='ocrx_word' id='word_1_348' title='bbox 740 3493 755 3516; x_wconf 92' lang='lat'><strong>,</strong></span> <span class='ocrx_word' id='word_1_349' title='bbox 799 3458 1074 3523; x_wconf 78' lang='lat' dir='ltr'>concipitur</span> 
     </span>
     <span class='ocr_line' id='line_1_49' title="bbox 0 3519 1073 3603; baseline 0.004 -21"><span class='ocrx_word' id='word_1_350' title='bbox 0 3519 2 3571; x_wconf 72' lang='grc' dir='ltr'>Ῐ</span> <span class='ocrx_word' id='word_1_351' title='bbox 81 3536 138 3582; x_wconf 82' lang='lat' dir='ltr'>in</span> <span class='ocrx_word' id='word_1_352' title='bbox 167 3536 421 3584; x_wconf 84' lang='lat' dir='ltr'>terroribus</span> <span class='ocrx_word' id='word_1_353' title='bbox 446 3537 743 3584; x_wconf 62' lang='lat' dir='ltr'>conscientias</span> <span class='ocrx_word' id='word_1_354' title='bbox 762 3574 776 3599; x_wconf 96' lang='lat'>,</span> <span class='ocrx_word' id='word_1_355' title='bbox 794 3554 900 3603; x_wconf 80' lang='lat' dir='ltr'>quae</span> <span class='ocrx_word' id='word_1_356' title='bbox 926 3540 1073 3586; x_wconf 81' lang='lat' dir='ltr'>sentit</span> 
     </span>
     <span class='ocr_line' id='line_1_50' title="bbox 0 3609 1070 3686; baseline -0.002 -18"><span class='ocrx_word' id='word_1_357' title='bbox 0 3609 2 3668; x_wconf 58' lang='lat' dir='ltr'>J</span> <span class='ocrx_word' id='word_1_358' title='bbox 78 3616 202 3665; x_wconf 86' lang='lat' dir='ltr'>iram</span> <span class='ocrx_word' id='word_1_359' title='bbox 219 3616 320 3666; x_wconf 85' lang='lat' dir='ltr'>Dei</span> <span class='ocrx_word' id='word_1_360' title='bbox 334 3617 558 3668; x_wconf 75' lang='lat' dir='ltr'>adversus</span> <span class='ocrx_word' id='word_1_361' title='bbox 564 3626 764 3686; x_wconf 79' lang='lat' dir='ltr'>peccata</span> <span class='ocrx_word' id='word_1_362' title='bbox 775 3652 793 3682; x_wconf 92' lang='lat'>‚</span> <span class='ocrx_word' id='word_1_363' title='bbox 821 3626 868 3667; x_wconf 80' lang='lat' dir='ltr'>et</span> <span class='ocrx_word' id='word_1_364' title='bbox 894 3620 1070 3685; x_wconf 75' lang='lat' dir='ltr'>quoerit</span> 
     </span>
    </p>
   </div>
   <div class='ocr_carea' id='block_1_8' title="bbox 1139 2722 2158 3684">
    <p class='ocr_par' dir='ltr' id='par_1_8' title="bbox 1139 2722 2158 3196">
     <span class='ocr_line' id='line_1_51' title="bbox 1157 2722 2158 2790; baseline 0.001 -19"><span class='ocrx_word' id='word_1_365' title='bbox 1157 2722 1183 2790; x_wconf 77' lang='lat'>§</span> <span class='ocrx_word' id='word_1_366' title='bbox 1210 2722 1271 2771; x_wconf 85' lang='lat'>25</span> <span class='ocrx_word' id='word_1_367' title='bbox 1290 2761 1302 2784; x_wconf 89' lang='lat'>‚</span> <span class='ocrx_word' id='word_1_368' title='bbox 1324 2743 1425 2789; x_wconf 84' lang='lat' dir='ltr'>pag.</span> <span class='ocrx_word' id='word_1_369' title='bbox 1454 2722 1516 2788; x_wconf 87' lang='lat'>75</span> <span class='ocrx_word' id='word_1_370' title='bbox 1549 2742 1562 2771; x_wconf 88' lang='lat'>:</span> <span class='ocrx_word' id='word_1_371' title='bbox 1583 2723 1791 2771; x_wconf 83' lang='lat' dir='ltr'>Dilectio</span> <span class='ocrx_word' id='word_1_372' title='bbox 1806 2726 1949 2771; x_wconf 87' lang='lat' dir='ltr'>etiam</span> <span class='ocrx_word' id='word_1_373' title='bbox 1963 2733 2006 2771; x_wconf 89' lang='lat' dir='ltr'>et</span> <span class='ocrx_word' id='word_1_374' title='bbox 2019 2741 2158 2790; x_wconf 83' lang='lat' dir='ltr'>opera</span> 
     </span>
     <span class='ocr_line' id='line_1_52' title="bbox 1157 2805 2158 2870; baseline 0.001 -17"><span class='ocrx_word' id='word_1_375' title='bbox 1157 2808 1292 2870; x_wconf 84' lang='lat' dir='ltr'>sequi</span> <span class='ocrx_word' id='word_1_376' title='bbox 1325 2807 1471 2870; x_wconf 82' lang='lat' dir='ltr'>fidem</span> <span class='ocrx_word' id='word_1_377' title='bbox 1518 2805 1683 2853; x_wconf 81' lang='lat' dir='ltr'>dehent</span> <span class='ocrx_word' id='word_1_378' title='bbox 1703 2846 1715 2865; x_wconf 80' lang='lat'><strong>‚</strong></span> <span class='ocrx_word' id='word_1_379' title='bbox 1767 2823 1912 2870; x_wconf 83' lang='lat' dir='ltr'>quare</span> <span class='ocrx_word' id='word_1_380' title='bbox 1957 2822 2056 2854; x_wconf 91' lang='lat' dir='ltr'>non</span> <span class='ocrx_word' id='word_1_381' title='bbox 2087 2808 2158 2854; x_wconf 89' lang='lat' dir='ltr'>sic</span> 
     </span>
     <span class='ocr_line' id='line_1_53' title="bbox 1154 2886 2157 2950; baseline 0.001 -16"><span class='ocrx_word' id='word_1_382' title='bbox 1154 2886 1471 2935; x_wconf 70' lang='lat' dir='ltr'>excluduntur</span> <span class='ocrx_word' id='word_1_383' title='bbox 1487 2924 1500 2946; x_wconf 90' lang='lat'>‚</span> <span class='ocrx_word' id='word_1_384' title='bbox 1529 2903 1590 2934; x_wconf 90' lang='lat' dir='ltr'>ne</span> <span class='ocrx_word' id='word_1_385' title='bbox 1618 2895 1876 2950; x_wconf 82' lang='lat' dir='ltr'>sequantur</span> <span class='ocrx_word' id='word_1_386' title='bbox 1892 2923 1906 2945; x_wconf 85' lang='lat'>‚</span> <span class='ocrx_word' id='word_1_387' title='bbox 1933 2887 2014 2933; x_wconf 86' lang='lat' dir='ltr'>sed</span> <span class='ocrx_word' id='word_1_388' title='bbox 2023 2887 2157 2950; x_wconf 83' lang='lat' dir='ltr'>fidu-</span> 
     </span>
     <span class='ocr_line' id='line_1_54' title="bbox 1153 2967 2156 3032; baseline -0.001 -16"><span class='ocrx_word' id='word_1_389' title='bbox 1153 2972 1231 3017; x_wconf 86' lang='lat' dir='ltr'>cia</span> <span class='ocrx_word' id='word_1_390' title='bbox 1257 2970 1419 3016; x_wconf 86' lang='lat' dir='ltr'>merit-i</span> <span class='ocrx_word' id='word_1_391' title='bbox 1456 2967 1722 3020; x_wconf 84' lang='lat' dir='ltr'>dilectionis</span> <span class='ocrx_word' id='word_1_392' title='bbox 1761 2975 1846 3014; x_wconf 83' lang='lat' dir='ltr'>aut</span> <span class='ocrx_word' id='word_1_393' title='bbox 1885 2983 2077 3032; x_wconf 85' lang='lat' dir='ltr'>operum</span> <span class='ocrx_word' id='word_1_394' title='bbox 2099 2969 2156 3015; x_wconf 83' lang='lat' dir='ltr'>in</span> 
     </span>
     <span class='ocr_line' id='line_1_55' title="bbox 1139 3046 2151 3116; baseline -0.002 -18"><span class='ocrx_word' id='word_1_395' title='bbox 1139 3051 1486 3116; x_wconf 85' lang='lat' dir='ltr'>justificatione</span> <span class='ocrx_word' id='word_1_396' title='bbox 1499 3046 1783 3095; x_wconf 73' lang='lat' dir='ltr'>excluditur.</span> <span class='ocrx_word' id='word_1_397' title='bbox 1811 3048 1909 3096; x_wconf 86' lang='lat' dir='ltr'>Cfr.</span> <span class='ocrx_word' id='word_1_398' title='bbox 1931 3048 2151 3111; x_wconf 88' lang='lat' dir='ltr'>Moheler‚</span> 
     </span>
     <span class='ocr_line' id='line_1_56' title="bbox 1155 3127 1780 3196; baseline -0.006 -17"><span class='ocrx_word' id='word_1_399' title='bbox 1155 3150 1230 3196; x_wconf 88' lang='lat' dir='ltr'>op.</span> <span class='ocrx_word' id='word_1_400' title='bbox 1261 3135 1336 3179; x_wconf 91' lang='lat' dir='ltr'>cit.</span> <span class='ocrx_word' id='word_1_401' title='bbox 1358 3148 1460 3194; x_wconf 81' lang='lat' dir='ltr'>pag.</span> <span class='ocrx_word' id='word_1_402' title='bbox 1490 3127 1556 3194; x_wconf 86' lang='lat'>96</span> <span class='ocrx_word' id='word_1_403' title='bbox 1581 3138 1625 3175; x_wconf 90' lang='lat' dir='ltr'>et</span> <span class='ocrx_word' id='word_1_404' title='bbox 1659 3145 1780 3193; x_wconf 89' lang='lat' dir='ltr'>seqq.</span> 
     </span>
    </p>

    <p class='ocr_par' dir='ltr' id='par_1_9' title="bbox 1145 3207 2151 3684">
     <span class='ocr_line' id='line_1_57' title="bbox 1190 3207 2149 3277; baseline -0.002 -18"><span class='ocrx_word' id='word_1_405' title='bbox 1190 3212 1284 3277; x_wconf 80' lang='lat'>(2)</span> <span class='ocrx_word' id='word_1_406' title='bbox 1322 3211 1385 3259; x_wconf 83' lang='lat' dir='ltr'>Ita</span> <span class='ocrx_word' id='word_1_407' title='bbox 1424 3209 1675 3268; x_wconf 84' lang='lat' dir='ltr'>Calvinus,</span> <span class='ocrx_word' id='word_1_408' title='bbox 1720 3207 1888 3257; x_wconf 86' lang='lat' dir='ltr'>Instit.</span> <span class='ocrx_word' id='word_1_409' title='bbox 1937 3209 2149 3271; x_wconf 44' lang='lat' dir='ltr'>libsut,</span> 
     </span>
     <span class='ocr_line' id='line_1_58' title="bbox 1153 3288 2148 3359; baseline -0.002 -17"><span class='ocrx_word' id='word_1_410' title='bbox 1153 3310 1251 3359; x_wconf 86' lang='lat' dir='ltr'>cap.</span> <span class='ocrx_word' id='word_1_411' title='bbox 1284 3291 1312 3339; x_wconf 81' lang='grc'>3</span> <span class='ocrx_word' id='word_1_412' title='bbox 1349 3289 1415 3356; x_wconf 60' lang='grc'>,8</span> <span class='ocrx_word' id='word_1_413' title='bbox 1450 3308 1467 3338; x_wconf 90' lang='lat'>1</span> <span class='ocrx_word' id='word_1_414' title='bbox 1498 3324 1516 3351; x_wconf 84' lang='lat'>,</span> <span class='ocrx_word' id='word_1_415' title='bbox 1559 3308 1663 3356; x_wconf 86' lang='lat' dir='ltr'>pag.</span> <span class='ocrx_word' id='word_1_416' title='bbox 1714 3288 1837 3351; x_wconf 85' lang='lat'><strong>152,</strong></span> <span class='ocrx_word' id='word_1_417' title='bbox 1880 3291 1990 3339; x_wconf 89' lang='lat' dir='ltr'>edit.</span> <span class='ocrx_word' id='word_1_418' title='bbox 2026 3294 2100 3340; x_wconf 87' lang='lat' dir='ltr'>cit.</span> <span class='ocrx_word' id='word_1_419' title='bbox 2130 3309 2148 3340; x_wconf 72' lang='grc' dir='ltr'><strong><em>ε</em></strong></span> 
     </span>
     <span class='ocr_line' id='line_1_59' title="bbox 1153 3371 2151 3439; baseline -0.001 -17"><span class='ocrx_word' id='word_1_420' title='bbox 1153 3375 1416 3422; x_wconf 65' lang='lat' dir='ltr'>Proximus</span> <span class='ocrx_word' id='word_1_421' title='bbox 1441 3380 1598 3419; x_wconf 89' lang='lat' dir='ltr'>autem</span> <span class='ocrx_word' id='word_1_422' title='bbox 1629 3388 1658 3418; x_wconf 86' lang='lat' dir='ltr'>a</span> <span class='ocrx_word' id='word_1_423' title='bbox 1687 3371 1783 3435; x_wconf 83' lang='lat' dir='ltr'>fide</span> <span class='ocrx_word' id='word_1_424' title='bbox 1823 3373 1889 3419; x_wconf 89' lang='lat' dir='ltr'>ad</span> <span class='ocrx_word' id='word_1_425' title='bbox 1909 3374 2151 3439; x_wconf 79' lang='lat' dir='ltr'>poeniten-</span> 
     </span>
     <span class='ocr_line' id='line_1_60' title="bbox 1152 3453 2150 3522; baseline -0.001 -20"><span class='ocrx_word' id='word_1_426' title='bbox 1152 3457 1271 3503; x_wconf 88' lang='lat' dir='ltr'>tiam</span> <span class='ocrx_word' id='word_1_427' title='bbox 1304 3454 1441 3502; x_wconf 82' lang='lat' dir='ltr'>nobis</span> <span class='ocrx_word' id='word_1_428' title='bbox 1468 3455 1561 3501; x_wconf 83' lang='lat' dir='ltr'>erit</span> <span class='ocrx_word' id='word_1_429' title='bbox 1589 3455 1852 3522; x_wconf 80' lang='lat' dir='ltr'>transitus3</span> <span class='ocrx_word' id='word_1_430' title='bbox 1880 3456 2028 3519; x_wconf 82' lang='lat' dir='ltr'>quia,</span> <span class='ocrx_word' id='word_1_431' title='bbox 2065 3453 2150 3501; x_wconf 77' lang='lat' dir='ltr'>hoc</span> 
     </span>
     <span class='ocr_line' id='line_1_61' title="bbox 1151 3534 2145 3602; baseline -0.004 -17"><span class='ocrx_word' id='word_1_432' title='bbox 1151 3538 1306 3602; x_wconf 86' lang='lat' dir='ltr'>capite</span> <span class='ocrx_word' id='word_1_433' title='bbox 1322 3534 1467 3602; x_wconf 80' lang='lat' dir='ltr'>probe</span> <span class='ocrx_word' id='word_1_434' title='bbox 1494 3536 1679 3601; x_wconf 78' lang='lat' dir='ltr'>coqnito</span> <span class='ocrx_word' id='word_1_435' title='bbox 1695 3569 1711 3596; x_wconf 88' lang='lat'><em>,</em></span> <span class='ocrx_word' id='word_1_436' title='bbox 1739 3534 1910 3584; x_wconf 84' lang='lat' dir='ltr'>melius</span> <span class='ocrx_word' id='word_1_437' title='bbox 1930 3534 2114 3601; x_wconf 82' lang='lat' dir='ltr'>patebit</span> <span class='ocrx_word' id='word_1_438' title='bbox 2130 3570 2145 3593; x_wconf 91' lang='lat'>,</span> 
     </span>
     <span class='ocr_line' id='line_1_62' title="bbox 1145 3615 2143 3684; baseline -0.004 -16"><span class='ocrx_word' id='word_1_439' title='bbox 1145 3618 1372 3684; x_wconf 80' lang='lat' dir='ltr'>quomodo</span> <span class='ocrx_word' id='word_1_440' title='bbox 1399 3615 1498 3667; x_wconf 84' lang='lat' dir='ltr'>sola</span> <span class='ocrx_word' id='word_1_441' title='bbox 1516 3616 1614 3681; x_wconf 80' lang='lat' dir='ltr'>fide</span> <span class='ocrx_word' id='word_1_442' title='bbox 1638 3625 1683 3666; x_wconf 87' lang='lat' dir='ltr'>et</span> <span class='ocrx_word' id='word_1_443' title='bbox 1711 3633 1843 3666; x_wconf 80' lang='lat' dir='ltr'>mera</span> <span class='ocrx_word' id='word_1_444' title='bbox 1875 3617 2143 3683; x_wconf 81' lang='lat' dir='ltr'>oeniajus-</span> 
     </span>
    </p>
   </div>
  </div>
 </body>
</html>
