2540 4074
2169 209 2245 269 63

527 225 684 265 PAR'r.
733 228 774 262 1.
822 223 942 264 cn.
987 227 1054 266 11.
1101 228 1172 264 DE
1214 226 1434 266 GRATIAE
1476 226 1856 267 NECESSITATE.

151 364 402 444 singulos
432 363 638 423 influat
657 371 831 445 7‘ne9.
862 366 1021 446 Saepe
1050 366 1207 424 enim
1227 411 1242 440 7
1275 376 1341 425 ut
1364 367 1653 442 vidimus7
1679 367 1855 426 homo
1882 388 2005 426 non
2029 369 2145 448 agit
2173 391 2244 431 ex

151 447 367 518 carnali
395 457 741 540 eupiditate,
776 458 882 518 etsi
921 461 1102 538 gratia
1123 481 1243 519 non
1271 461 1344 519 sit
1378 462 1710 521 instructus,
1744 463 1932 535 Quare
1974 464 2238 544 opposita

100 609 102 613 .
153 553 413 612 doctrina
450 554 770 634 proscripta
802 564 888 613 est
917 555 977 612 in
1007 556 1140 633 Bajo
1163 566 1221 614 et
1249 555 1558 628 Quesnello
1587 557 1698 637 (1).

237 647 371 706 121.
422 645 509 706 Ad
542 646 646 719 3³¹7
685 648 839 706 Dist.
871 650 1015 708 Cum
1052 650 1167 730 agit
1194 650 1265 709 de
1286 649 1439 709 bona
1473 651 1773 712 voluntate
1801 696 1817 726 7
1846 671 1971 732 quae
1997 653 2246 733 requiri—

151 751 248 800 tur
283 739 358 798 ad
398 762 541 822 opus
575 743 1013 823 supernaturale
1048 755 1106 803 et
1143 746 1506 803 meritorium
1545 745 1818 806 adversus
1864 745 2195 825 Pelagianos
2225 795 2241 823 7

149 856 336 909 oono.;
363 857 494 894 cum
521 836 635 915 agit
659 837 730 896 de
753 836 906 896 bona
932 838 1233 898 voluntate
1254 884 1270 913 7
1299 861 1430 919 quae
1460 840 1772 920 requiritur
1794 839 1867 897 ad
1893 839 2116 899 bonum
2144 864 2245 901 na-

148 930 415 990 turaliter
448 930 760 990 honestum
783 978 798 1007 7
838 934 1089 992 subdist.
1130 935 1258 992 Non
1309 933 1480 992 aliam
1511 935 1765 1012 agnoscit
1790 933 2006 993 bonam
2042 936 2243 995 volun-

149 1037 332 1085 tatem
377 1047 552 1107 quam
597 1026 938 1087 charitatem
974 1025 1300 1087 naturalem
1342 1039 1400 1086 ct
1434 1029 1758 1109 improprie·
1774 1028 2023 1104 dictam7
2054 1051 2241 1105 eoum

146 1120 486 1180 charitatem
527 1121 903 1202 theologicam
943 1134 1003 1182 et
1040 1123 1273 1204 proprie
1311 1121 1556 1197 dictam,
1589 1145 1717 1202 neq.
1758 1124 1990 1182 Etenim
2028 1126 2087 1182 S.
2125 1127 2243 1183 Au-

146 1216 407 1295 gustinus
438 1217 730 1299 duplicem
758 1216 993 1296 agnovit
1027 1228 1085 1275 et
1112 1215 1348 1275 admisit
1369 1217 1710 1275 charitatem
1735 1219 2009 1276 divinam
2034 1229 2088 1276 et
2129 1220 2246 1277 hu-

145 1331 398 1370 manam
419 1357 435 1386 7
457 1334 569 1371 seu
595 1311 973 1390 theologicam
1005 1324 1062 1371 et
1096 1311 1423 1371 naturalem
1442 1358 1459 1386 7
1493 1324 1552 1371 et
1579 1312 1729 1371 hanc
1766 1311 2020 1371 declarat
2065 1335 2243 1394 quan-

146 1404 335 1487 doque
348 1406 565 1465 IIcitam
587 1406 933 1488 quandoque
948 1428 1085 1467 vero
1102 1406 1358 1465 illicitam
1379 1432 1394 1481 ς
1418 1406 1569 1492 illius
1587 1418 1781 1466 autem
1797 1418 1990 1465 textus
2006 1408 2244 1467 inferius

150 1500 478 1560 afferemus
512 1503 638 1575 Quo
656 1502 841 1583 posito
863 1547 878 1576 7
907 1523 1040 1560 cum
1066 1503 1128 1559 in
1154 1501 1404 1560 adducto
1427 1501 1758 1561 testimonio
1786 1500 2005 1560 bonam
2030 1502 2244 1563 volun-

119 1626 120 1631 =
151 1596 333 1653 tatem
357 1607 525 1655 vocat
560 1593 900 1655 charitatem
919 1642 934 1670 7
963 1596 1219 1677 loquitur
1250 1642 1264 1670 7
1303 1608 1369 1655 ut
1404 1619 1476 1656 ex
1514 1601 1633 1676 ejus
1683 1596 1875 1658 verbis
1906 1596 2091 1678 liquet
2114 1643 2129 1672 7
2169 1598 2244 1657 de

144 1688 419 1749 charitate
441 1690 761 1770 theologica
777 1691 1052 1752 adversus
1069 1691 1400 1771 Pelagianos
1423 1737 1438 1767 7
1457 1691 1628 1750 aliam
1653 1714 1774 1750 non
1790 1691 2100 1751 excludens
2123 1692 2234 1774 (2).

231 1785 366 1841 122.
415 1784 546 1862 obj.
578 1786 767 1844 tertia.
812 1787 873 1843 1ο
909 1788 992 1844 Ex
1030 1787 1291 1844 doctrina
1315 1788 1372 1844 S.
1414 1788 1712 1865 Augustini
1734 1788 1921 1845 omnis
1958 1809 2120 1846 amor
2161 1789 2245 1848 rei

141 1888 343 1937 creatae
379 1879 617 1937 vitiosus
657 1891 743 1938 est
764 1925 779 1953 7
827 1881 936 1938 nisi
970 1881 1152 1938 amori
1182 1882 1285 1939 Dei
1313 1881 1745 1939 subordinatur.
1788 1883 1856 1938 20
1893 1883 2043 1941 Hinc
2064 1929 2079 1957 7
2107 1904 2241 1942 cum

141 1994 343 2033 onmes
382 1973 689 2056 hominum
730 1976 980 2034 actiones
1035 1975 1130 2034 vel
1173 1996 1244 2033 ex
1299 1997 1494 2034 amore
1543 1977 1646 2034 Dei
1694 1976 1982 2057 prodeant
2021 1979 2115 2038 vel
2171 2000 2242 2039 ex

214 2153 280 2218 (1)
323 2153 659 2219 Propositiones
707 2154 808 2220 Baji
839 2192 852 2212 7
906 2172 1007 2219 quae
1060 2154 1154 2202 huc

145 2237 424 2293 referuntur,
439 2246 572 2284 sunt:
594 2246 802 2295 xxxvma,
830 2236 1005 2285 Omnis
1019 2253 1155 2285 amor

145 2326 375 2367 oreaturoe
431 2318 681 2366 rationalis
733 2329 820 2366 aut
862 2322 1032 2368 vitiosa
1087 2329 1154 2368 est

145 2399 412 2465 cupiditas,
434 2416 529 2463 qua
549 2399 760 2447 mundus
777 2400 1025 2465 diliyitur,
1046 2418 1151 2466 quoe

146 2498 178 2529 a
213 2481 405 2530 Joanne
430 2480 742 2547 prohibetur,
781 2490 867 2529 aut
890 2481 1152 2531 laudabilis

145 2562 230 2612 illa
247 2564 460 2614 charitas
479 2603 491 2623 7
511 2581 606 2629 qua
627 2582 717 2629 per
750 2565 994 2631 Spiritum
1019 2566 1154 2614 San-

148 2653 277 2692 ctum
295 2647 352 2694 in
378 2646 516 2694 corde
551 2647 731 2713 diffusa
761 2646 901 2695 Deus
933 2657 1145 2698 amatur.

147 2739 223 2773 xi.a
240 2763 254 2786 7
282 2725 352 2774 In
373 2728 595 2776 omnibus
619 2730 722 2776 suis
738 2729 923 2776 actibus
931 2738 1151 2795 peccator

147 2809 294 2857 servit
323 2807 596 2859 dominanti
625 2810 899 2876 cupiditati.
938 2811 1149 2875 Proposi-

145 2891 289 2940 tiones
309 2906 414 2938 vero
431 2888 663 2955 Quesnelli
682 2903 788 2940 sunt
816 2910 830 2940 ε
862 2898 1002 2953 Χιινθ,
1034 2893 1150 2941 Non

147 2980 261 3022 aunt
274 2973 378 3019 nisi
393 2971 486 3020 duo
513 2989 692 3021 amores
711 3012 724 3033 ,
747 2973 877 3025 unde
903 2976 1149 3023 volitiones

147 3060 193 3099 et
221 3054 427 3101 actiones
460 3071 619 3102 omnes
649 3063 821 3105 noetroe
848 3064 1146 3104 nascuntur.-

147 3150 281 3181 amor
314 3133 418 3183 Dei
437 3173 450 3197 7
488 3137 576 3200 qui
613 3139 776 3185 omnia
819 3139 922 3202 aqit
956 3147 1149 3204 propter

147 3213 310 3262 Deum
330 3253 343 3273 7
370 3216 597 3281 quemque
626 3216 752 3266 Deus
770 3228 1104 3268 remuneratur
1129 3258 1142 3281 7

144 3304 187 3344 et
221 3313 357 3344 anaor
374 3332 388 3355 7
421 3314 512 3362 quo
544 3315 630 3347 nos
662 3302 789 3365 ipsos
823 3316 880 3348 aa
911 3302 1146 3349 mundum

144 3377 412 3443 diliqimuo7
429 3381 533 3443 qui,
546 3381 744 3445 quodad
757 3381 920 3431 Deum
938 3383 1144 3448 reseren-

144 3459 259 3508 dum
294 3469 390 3521 est,
431 3477 528 3508 non
562 3462 734 3527 refert,
770 3471 815 3514 et
835 3473 1029 3530 propter
1060 3464 1145 3514 Ῐιοσ

142 3542 372 3607 ipwmfit
396 3541 570 3592 malus.
598 3546 705 3592 XLV*
721 3580 735 3604 ,
754 3543 933 3595 Amore
959 3544 1065 3594 Dei
1086 3547 1145 3594 in

141 3622 278 3671 eorde
308 3633 612 3691 peccatorum
656 3641 751 3674 non
791 3625 998 3693 amplius
1038 3644 1144 3692 req-

138 3711 282 3754 nante
293 3740 312 3768 ,
340 3721 523 3756 neeesse
552 3715 621 3757 est
638 3715 693 3755 ut
719 3707 775 3756 in
795 3723 848 3756 eo
872 3716 1034 3772 reqnet
1057 3723 1142 3758 au-

1230 2152 1419 2218 piditas
1439 2190 1452 2212 7
1488 2169 1736 2218 omnesque
1767 2157 1977 2202 actiones
2010 2157 2113 2219 ejus
2140 2172 2243 2203 cor-

1235 2243 1446 2300 rumpat.

1305 2317 1368 2380 (2)
1394 2308 1500 2365 Hucv
1513 2320 1677 2382 pariter
1692 2324 1895 2383 spectant
1913 2322 2242 2383 propositiones

1237 2396 1335 2463 Baji
1365 2408 1408 2445 et
1437 2397 1669 2462 Quesnelli
1701 2418 1727 2449 a
1765 2399 1903 2448 Rom.
1939 2400 2240 2449 Pontificibus

1236 2481 1492 2544 proscriptae
1514 2516 1525 2538 7
1555 2476 1652 2545 Baji
1673 2481 1860 2545 quidem
1895 2498 2090 2530 xxxiva:
2112 2481 2239 2530 Die-

1235 2561 1401 2607 tinotio
1431 2559 1515 2608 illa
1539 2560 1747 2625 duplicis
1765 2564 1969 2623 amoris,
1994 2563 2235 2611 naturalis

1235 2640 1477 2703 videlicet,
1500 2659 1591 2706 quo
1618 2642 1757 2690 Deus
1777 2653 1969 2691 amatur
1990 2653 2045 2691 ut
2071 2654 2240 2693 auctor

1235 2732 1423 2771 naturae
1440 2761 1453 2783 7
1485 2732 1530 2771 et
1555 2726 1763 2788 qratuiti
1779 2763 1792 2784 7
1826 2742 1917 2790 quo
1947 2724 2077 2774 Deus
2102 2744 2238 2775 anta-

1234 2813 1315 2853 tur
1341 2815 1395 2853 ut
1415 2805 1757 2871 Beatifiaator7
1791 2823 1920 2855 vana
1945 2817 2012 2855 est
2039 2818 2083 2858 et
2112 2825 2239 2856 oom-

1233 2889 1455 2935 mentitia
1474 2925 1487 2947 7
1538 2897 1583 2936 et
1623 2888 1689 2936 ad
1728 2888 2029 2937 illudendum
2069 2887 2240 2938 Sacris

1235 2969 1434 3017 Litteris
1462 2978 1507 3018 et
1530 2969 1762 3035 plurimis
1790 2979 1998 3018 veterum
2027 2973 2236 3020 testimo-

1231 3052 1333 3098 niis
1351 3053 1628 3115 excoqitata.
1649 3049 1880 3116 Quesnelli
1897 3068 1994 3099 xm
2020 3070 2035 3122 J
2058 3051 2238 3100 Omnia

1230 3134 1435 3198 coqnitio
1467 3132 1568 3192 Dei
1599 3134 1744 3180 etiam
1781 3133 2022 3181 naturalia
2039 3169 2056 3195 ,
2092 3137 2238 3182 etiam

1230 3217 1288 3263 in
1298 3214 1596 3281 philosophis
1613 3215 1815 3263 ethnici-³
1828 3250 1845 3275 ,
1870 3231 1969 3262 non
1982 3223 2138 3281 potest
2155 3233 2235 3263 ve·-

1229 3299 1335 3344 nire
1370 3298 1474 3344 nisi
1507 3313 1538 3344 a
1577 3295 1681 3343 Deo
1703 3333 1716 3356 7
1755 3304 1801 3343 et
1825 3298 1932 3344 sine
1955 3299 2116 3361 qratia
2139 3313 2237 3345 non

1222 3378 1448 3444 producit
1481 3379 1585 3425 nisi
1611 3379 2036 3443 praesumptionem
2052 3417 2066 3439 7
2094 3380 2236 3427 vani-

1229 3468 1371 3507 tatem
1442 3469 1488 3507 et
1543 3460 1883 3525 oppositionem
1946 3459 2011 3507 ad
2075 3461 2236 3526 ipsum

1231 3539 1386 3590 Deum
1410 3577 1425 3605 7
1465 3539 1561 3589 loao
1603 3542 1859 3608 affectuum
1897 3541 2191 3594 adorationis
2215 3578 2232 3604 7

1227 3622 1544 3694 qratitudinis
1587 3632 1634 3674 et
1662 3624 1863 3679 amoris,
