<?xml version="1.0" encoding="UTF-8"?>
<!DOCTYPE html PUBLIC "-//W3C//DTD XHTML 1.0 Transitional//EN"
    "http://www.w3.org/TR/xhtml1/DTD/xhtml1-transitional.dtd">
<html xmlns="http://www.w3.org/1999/xhtml" xml:lang="en" lang="en">
 <head>
  <title>
</title>
<meta http-equiv="Content-Type" content="text/html;charset=utf-8" />
  <meta name='ocr-system' content='tesseract 3.04.00' />
  <meta name='ocr-capabilities' content='ocr_page ocr_carea ocr_par ocr_line ocrx_word'/>
</head>
<body>
  <div class='ocr_page' id='page_1' title='image "a603693805perruoft_0244.png"; bbox 0 0 2430 4056; ppageno 0'>
   <div class='ocr_carea' id='block_1_1' title="bbox 250 169 1584 229">
    <p class='ocr_par' dir='ltr' id='par_1_1' title="bbox 250 169 1584 229">
     <span class='ocr_line' id='line_1_1' title="bbox 250 169 1584 229; baseline -0.004 -1"><span class='ocrx_word' id='word_1_1' title='bbox 250 169 368 229; x_wconf 81' lang='lat'>238</span> <span class='ocrx_word' id='word_1_2' title='bbox 959 200 963 208; x_wconf 84' lang='lat'>·</span> <span class='ocrx_word' id='word_1_3' title='bbox 1008 186 1202 223; x_wconf 73' lang='lat' dir='ltr'>rnAcr.</span> <span class='ocrx_word' id='word_1_4' title='bbox 1250 186 1320 224; x_wconf 64' lang='lat' dir='ltr'>ms</span> <span class='ocrx_word' id='word_1_5' title='bbox 1362 187 1584 226; x_wconf 70' lang='lat' dir='ltr'>cuum.</span> 
     </span>
    </p>
   </div>
   <div class='ocr_carea' id='block_1_2' title="bbox 208 325 2430 2861">
    <p class='ocr_par' dir='ltr' id='par_1_2' title="bbox 208 325 2430 2861">
     <span class='ocr_line' id='line_1_2' title="bbox 333 325 2326 410; baseline -0.001 -20"><span class='ocrx_word' id='word_1_6' title='bbox 333 333 468 391; x_wconf 72' lang='lat'><strong>522.</strong></span> <span class='ocrx_word' id='word_1_7' title='bbox 519 331 584 388; x_wconf 83' lang='lat' dir='ltr'>In</span> <span class='ocrx_word' id='word_1_8' title='bbox 606 327 862 386; x_wconf 87' lang='lat' dir='ltr'>doctrina</span> <span class='ocrx_word' id='word_1_9' title='bbox 884 326 1157 386; x_wconf 86' lang='lat' dir='ltr'>catholica</span> <span class='ocrx_word' id='word_1_10' title='bbox 1180 325 1344 385; x_wconf 83' lang='lat' dir='ltr'>aliter</span> <span class='ocrx_word' id='word_1_11' title='bbox 1359 329 1605 389; x_wconf 28' lang='lat' dir='ltr'>*omnino</span> <span class='ocrx_word' id='word_1_12' title='bbox 1620 349 1690 387; x_wconf 81' lang='lat' dir='ltr'>ex</span> <span class='ocrx_word' id='word_1_13' title='bbox 1712 327 2009 402; x_wconf 78' lang='lat' dir='ltr'>contrariis</span> <span class='ocrx_word' id='word_1_14' title='bbox 2033 327 2326 410; x_wconf 82' lang='lat' dir='ltr'>principiis</span> 
     </span>
     <span class='ocr_line' id='line_1_3' title="bbox 254 422 2328 502; baseline -0.003 -14"><span class='ocrx_word' id='word_1_15' title='bbox 254 426 569 488; x_wconf 81' lang='lat' dir='ltr'>instituitur</span> <span class='ocrx_word' id='word_1_16' title='bbox 601 422 1018 499; x_wconf 80' lang='lat' dir='ltr'>justificationis</span> <span class='ocrx_word' id='word_1_17' title='bbox 1067 441 1397 502; x_wconf 86' lang='lat' dir='ltr'>processus7</span> <span class='ocrx_word' id='word_1_18' title='bbox 1443 443 1618 502; x_wconf 76' lang='lat' dir='ltr'>quem</span> <span class='ocrx_word' id='word_1_19' title='bbox 1663 424 1741 481; x_wconf 91' lang='lat' dir='ltr'>sic</span> <span class='ocrx_word' id='word_1_20' title='bbox 1782 422 2020 502; x_wconf 67' lang='lat' dir='ltr'>exponit</span> <span class='ocrx_word' id='word_1_21' title='bbox 2066 422 2328 501; x_wconf 76' lang='lat' dir='ltr'>Synodus</span> 
     </span>
     <span class='ocr_line' id='line_1_4' title="bbox 258 506 2332 594; baseline -0.003 -14"><span class='ocrx_word' id='word_1_22' title='bbox 258 518 584 581; x_wconf 87' lang='lat' dir='ltr'>Tridentina</span> <span class='ocrx_word' id='word_1_23' title='bbox 617 538 630 573; x_wconf 78' lang='lat' dir='ltr'><strong><em>z</em></strong></span> <span class='ocrx_word' id='word_1_24' title='bbox 675 518 1258 593; x_wconf 82' lang='lat' dir='ltr'>Declaratproeterea</span> <span class='ocrx_word' id='word_1_25' title='bbox 1271 557 1292 586; x_wconf 90' lang='lat'><em>,</em></span> <span class='ocrx_word' id='word_1_26' title='bbox 1326 518 1523 593; x_wconf 73' lang='lat' dir='ltr'>ipsius</span> <span class='ocrx_word' id='word_1_27' title='bbox 1537 518 1993 594; x_wconf 77' lang='lat' dir='ltr'>justificationis</span> <span class='ocrx_word' id='word_1_28' title='bbox 2019 506 2332 574; x_wconf 54' lang='lat' dir='ltr'>scordium</span> 
     </span>
     <span class='ocr_line' id='line_1_5' title="bbox 257 609 2335 689; baseline -0.002 -16"><span class='ocrx_word' id='word_1_29' title='bbox 257 638 323 673; x_wconf 78' lang='lat' dir='ltr'>in</span> <span class='ocrx_word' id='word_1_30' title='bbox 347 614 568 671; x_wconf 85' lang='lat' dir='ltr'>adultis</span> <span class='ocrx_word' id='word_1_31' title='bbox 587 613 758 670; x_wconf 89' lang='lat' dir='ltr'>aDei</span> <span class='ocrx_word' id='word_1_32' title='bbox 771 631 882 688; x_wconf 84' lang='lat' dir='ltr'>per</span> <span class='ocrx_word' id='word_1_33' title='bbox 909 609 1214 669; x_wconf 76' lang='lat' dir='ltr'>Christum</span> <span class='ocrx_word' id='word_1_34' title='bbox 1236 610 1443 668; x_wconf 85' lang='lat' dir='ltr'>Jesum</span> <span class='ocrx_word' id='word_1_35' title='bbox 1458 615 1849 687; x_wconf 66' lang='lat' dir='ltr'>praeveniente</span> <span class='ocrx_word' id='word_1_36' title='bbox 1870 615 2075 689; x_wconf 71' lang='lat' dir='ltr'>qratia</span> <span class='ocrx_word' id='word_1_37' title='bbox 2103 631 2335 668; x_wconf 86' lang='lat' dir='ltr'>sumen-</span> 
     </span>
     <span class='ocr_line' id='line_1_6' title="bbox 255 705 2338 782; baseline -0.001 -17"><span class='ocrx_word' id='word_1_38' title='bbox 255 709 398 775; x_wconf 87' lang='lat' dir='ltr'>dum</span> <span class='ocrx_word' id='word_1_39' title='bbox 424 727 538 765; x_wconf 88' lang='lat' dir='ltr'>esse</span> <span class='ocrx_word' id='word_1_40' title='bbox 553 748 574 775; x_wconf 87' lang='lat'><em>,</em></span> <span class='ocrx_word' id='word_1_41' title='bbox 597 706 698 763; x_wconf 74' lang='lat' dir='ltr'>hoc</span> <span class='ocrx_word' id='word_1_42' title='bbox 727 715 810 762; x_wconf 88' lang='lat' dir='ltr'>est</span> <span class='ocrx_word' id='word_1_43' title='bbox 822 748 844 776; x_wconf 92' lang='lat'><em>,</em></span> <span class='ocrx_word' id='word_1_44' title='bbox 871 705 949 762; x_wconf 86' lang='lat' dir='ltr'>ab</span> <span class='ocrx_word' id='word_1_45' title='bbox 971 708 1096 782; x_wconf 76' lang='lat' dir='ltr'>ejus</span> <span class='ocrx_word' id='word_1_46' title='bbox 1128 708 1456 775; x_wconf 85' lang='lat' dir='ltr'>vocatione,</span> <span class='ocrx_word' id='word_1_47' title='bbox 1483 723 1607 780; x_wconf 89' lang='lat' dir='ltr'>qua</span> <span class='ocrx_word' id='word_1_48' title='bbox 1639 707 1826 763; x_wconf 84' lang='lat' dir='ltr'>nullis</span> <span class='ocrx_word' id='word_1_49' title='bbox 1853 725 2058 762; x_wconf 86' lang='lat' dir='ltr'>eoru-m</span> <span class='ocrx_word' id='word_1_50' title='bbox 2094 708 2338 762; x_wconf 69' lang='lat' dir='ltr'>existen-</span> 
     </span>
     <span class='ocr_line' id='line_1_7' title="bbox 255 800 2416 876; baseline -0.003 -16"><span class='ocrx_word' id='word_1_51' title='bbox 255 803 415 861; x_wconf 80' lang='lat' dir='ltr'>tibus</span> <span class='ocrx_word' id='word_1_52' title='bbox 438 804 668 859; x_wconf 83' lang='lat' dir='ltr'>meritis</span> <span class='ocrx_word' id='word_1_53' title='bbox 689 809 972 858; x_wconf 81' lang='lat' dir='ltr'>vocantur</span> <span class='ocrx_word' id='word_1_54' title='bbox 986 821 1007 865; x_wconf 89' lang='lat'><em>;</em></span> <span class='ocrx_word' id='word_1_55' title='bbox 1037 809 1108 855; x_wconf 87' lang='lat' dir='ltr'>ut</span> <span class='ocrx_word' id='word_1_56' title='bbox 1130 843 1146 872; x_wconf 99' lang='lat'>7</span> <span class='ocrx_word' id='word_1_57' title='bbox 1171 802 1282 876; x_wconf 88' lang='lat' dir='ltr'>qui</span> <span class='ocrx_word' id='word_1_58' title='bbox 1291 819 1407 876; x_wconf 90' lang='lat' dir='ltr'>per</span> <span class='ocrx_word' id='word_1_59' title='bbox 1436 807 1676 875; x_wconf 88' lang='lat' dir='ltr'>peccata</span> <span class='ocrx_word' id='word_1_60' title='bbox 1704 819 1743 855; x_wconf 92' lang='lat' dir='ltr'>a</span> <span class='ocrx_word' id='word_1_61' title='bbox 1764 800 1886 858; x_wconf 91' lang='lat' dir='ltr'>Deo</span> <span class='ocrx_word' id='word_1_62' title='bbox 1907 802 2102 856; x_wconf 88' lang='lat' dir='ltr'>aversi</span> <span class='ocrx_word' id='word_1_63' title='bbox 2127 807 2302 855; x_wconf 88' lang='lat' dir='ltr'>erant</span> <span class='ocrx_word' id='word_1_64' title='bbox 2317 841 2335 870; x_wconf 96' lang='lat'>7</span> <span class='ocrx_word' id='word_1_65' title='bbox 2409 825 2416 831; x_wconf 87' lang='lat'><strong>·</strong></span> 
     </span>
     <span class='ocr_line' id='line_1_8' title="bbox 247 880 2340 978; baseline -0.002 -23"><span class='ocrx_word' id='word_1_66' title='bbox 247 919 363 978; x_wconf 85' lang='lat' dir='ltr'>per</span> <span class='ocrx_word' id='word_1_67' title='bbox 377 900 502 974; x_wconf 82' lang='lat' dir='ltr'>ejus</span> <span class='ocrx_word' id='word_1_68' title='bbox 523 899 869 953; x_wconf 73' lang='lat' dir='ltr'>eoecitantem</span> <span class='ocrx_word' id='word_1_69' title='bbox 890 903 1063 971; x_wconf 88' lang='lat' dir='ltr'>atque</span> <span class='ocrx_word' id='word_1_70' title='bbox 1088 894 1472 969; x_wconf 77' lang='lat' dir='ltr'><em>adjuvantem</em></span> <span class='ocrx_word' id='word_1_71' title='bbox 1494 895 1761 971; x_wconf 73' lang='lat' dir='ltr'>qratiam</span> <span class='ocrx_word' id='word_1_72' title='bbox 1782 894 1867 950; x_wconf 89' lang='lat' dir='ltr'>ad</span> <span class='ocrx_word' id='word_1_73' title='bbox 1883 880 2340 952; x_wconf 86' lang='lat' dir='ltr'>convertendum</span> 
     </span>
     <span class='ocr_line' id='line_1_9' title="bbox 259 986 2342 1067; baseline -0.003 -16"><span class='ocrx_word' id='word_1_74' title='bbox 259 1015 314 1051; x_wconf 89' lang='lat' dir='ltr'>se</span> <span class='ocrx_word' id='word_1_75' title='bbox 352 993 435 1050; x_wconf 88' lang='lat' dir='ltr'>ad</span> <span class='ocrx_word' id='word_1_76' title='bbox 465 1011 638 1048; x_wconf 79' lang='lat' dir='ltr'>suam</span> <span class='ocrx_word' id='word_1_77' title='bbox 679 994 949 1067; x_wconf 86' lang='lat' dir='ltr'>ipsorum</span> <span class='ocrx_word' id='word_1_78' title='bbox 971 988 1466 1064; x_wconf 76' lang='lat' dir='ltr'>justificationem</span> <span class='ocrx_word' id='word_1_79' title='bbox 1483 1029 1503 1057; x_wconf 82' lang='lat'><em>,</em></span> <span class='ocrx_word' id='word_1_80' title='bbox 1550 986 1737 1044; x_wconf 88' lang='lat' dir='ltr'>eidem</span> <span class='ocrx_word' id='word_1_81' title='bbox 1771 991 1988 1065; x_wconf 72' lang='lat' dir='ltr'>qratioe</span> <span class='ocrx_word' id='word_1_82' title='bbox 2024 989 2203 1045; x_wconf 83' lang='lat' dir='ltr'>libere</span> <span class='ocrx_word' id='word_1_83' title='bbox 2243 1008 2342 1045; x_wconf 91' lang='lat' dir='ltr'>as-</span> 
     </span>
     <span class='ocr_line' id='line_1_10' title="bbox 259 1083 2346 1161; baseline -0.004 -15"><span class='ocrx_word' id='word_1_84' title='bbox 259 1086 553 1146; x_wconf 73' lang='lat' dir='ltr'>sentiendo</span> <span class='ocrx_word' id='word_1_85' title='bbox 578 1095 631 1141; x_wconf 90' lang='lat' dir='ltr'>et</span> <span class='ocrx_word' id='word_1_86' title='bbox 651 1083 1004 1161; x_wconf 88' lang='lat' dir='ltr'>cooperando</span> <span class='ocrx_word' id='word_1_87' title='bbox 1022 1126 1038 1154; x_wconf 84' lang='lat'>7</span> <span class='ocrx_word' id='word_1_88' title='bbox 1075 1083 1476 1160; x_wconf 84' lang='lat' dir='ltr'>disponantur</span> <span class='ocrx_word' id='word_1_89' title='bbox 1484 1105 1508 1152; x_wconf 79' lang='lat'>7·</span> <span class='ocrx_word' id='word_1_90' title='bbox 1549 1084 1636 1137; x_wconf 91' lang='lat' dir='ltr'>ita</span> <span class='ocrx_word' id='word_1_91' title='bbox 1669 1090 1766 1155; x_wconf 86' lang='lat' dir='ltr'>ut7</span> <span class='ocrx_word' id='word_1_92' title='bbox 1795 1090 2062 1159; x_wconf 76' lang='lat' dir='ltr'>tanqente</span> <span class='ocrx_word' id='word_1_93' title='bbox 2094 1083 2215 1138; x_wconf 89' lang='lat' dir='ltr'>Deo</span> <span class='ocrx_word' id='word_1_94' title='bbox 2244 1101 2346 1138; x_wconf 89' lang='lat' dir='ltr'>cor</span> 
     </span>
     <span class='ocr_line' id='line_1_11' title="bbox 263 1160 2430 1256; baseline -0.002 -19"><span class='ocrx_word' id='word_1_95' title='bbox 263 1182 518 1238; x_wconf 78' lang='lat' dir='ltr'>hominis</span> <span class='ocrx_word' id='word_1_96' title='bbox 534 1199 648 1256; x_wconf 88' lang='lat' dir='ltr'>per</span> <span class='ocrx_word' id='word_1_97' title='bbox 695 1179 960 1255; x_wconf 73' lang='lat' dir='ltr'>Spiritus</span> <span class='ocrx_word' id='word_1_98' title='bbox 985 1178 1196 1234; x_wconf 86' lang='lat' dir='ltr'>Sancti</span> <span class='ocrx_word' id='word_1_99' title='bbox 1232 1178 1734 1234; x_wconf 87' lang='lat' dir='ltr'>illuminationem</span> <span class='ocrx_word' id='word_1_100' title='bbox 1759 1219 1774 1248; x_wconf 93' lang='lat'>7</span> <span class='ocrx_word' id='word_1_101' title='bbox 1814 1196 1998 1253; x_wconf 88' lang='lat' dir='ltr'>neque</span> <span class='ocrx_word' id='word_1_102' title='bbox 2025 1160 2191 1234; x_wconf 66' lang='lat' dir='ltr'>homo</span> <span class='ocrx_word' id='word_1_103' title='bbox 2223 1180 2346 1254; x_wconf 90' lang='lat' dir='ltr'>ipse</span> <span class='ocrx_word' id='word_1_104' title='bbox 2425 1240 2430 1247; x_wconf 67' lang='lat'><em>„</em></span> 
     </span>
     <span class='ocr_line' id='line_1_12' title="bbox 208 1264 2349 1350; baseline -0.002 -18"><span class='ocrx_word' id='word_1_105' title='bbox 208 1264 212 1268; x_wconf 34' lang='lat'><em>⁶</em></span> <span class='ocrx_word' id='word_1_106' title='bbox 263 1275 421 1332; x_wconf 74' lang='lat' dir='ltr'>nihil</span> <span class='ocrx_word' id='word_1_107' title='bbox 461 1277 699 1331; x_wconf 85' lang='lat' dir='ltr'>omnino</span> <span class='ocrx_word' id='word_1_108' title='bbox 743 1282 914 1350; x_wconf 75' lang='lat' dir='ltr'>aqat,</span> <span class='ocrx_word' id='word_1_109' title='bbox 957 1275 1414 1349; x_wconf 75' lang='lat' dir='ltr'>inspirationem</span> <span class='ocrx_word' id='word_1_110' title='bbox 1459 1271 1630 1327; x_wconf 90' lang='lat' dir='ltr'>illam</span> <span class='ocrx_word' id='word_1_111' title='bbox 1664 1273 1989 1347; x_wconf 77' lang='lat' dir='ltr'>recipiens,</span> <span class='ocrx_word' id='word_1_112' title='bbox 2019 1291 2217 1341; x_wconf 71' lang='lat' dir='ltr'>Qmm‘n</span> <span class='ocrx_word' id='word_1_113' title='bbox 2251 1291 2349 1341; x_wconf 81' lang='lat' dir='ltr'>Qm</span> 
     </span>
     <span class='ocr_line' id='line_1_13' title="bbox 265 1366 2350 1444; baseline -0.002 -18"><span class='ocrx_word' id='word_1_114' title='bbox 265 1391 428 1426; x_wconf 78' lang='grc' dir='ltr'><strong>ηιΑΜ</strong></span> <span class='ocrx_word' id='word_1_115' title='bbox 470 1391 535 1425; x_wconf 72' lang='lat' dir='ltr'>Er</span> <span class='ocrx_word' id='word_1_116' title='bbox 574 1388 832 1425; x_wconf 65' lang='lat' dir='ltr'>Anncmuz</span> <span class='ocrx_word' id='word_1_117' title='bbox 859 1387 1054 1425; x_wconf 72' lang='lat' dir='ltr'>Po‘rsssr</span> <span class='ocrx_word' id='word_1_118' title='bbox 1085 1411 1100 1439; x_wconf 95' lang='lat'>7</span> <span class='ocrx_word' id='word_1_119' title='bbox 1145 1387 1329 1444; x_wconf 85' lang='lat' dir='ltr'>neque</span> <span class='ocrx_word' id='word_1_120' title='bbox 1373 1375 1571 1423; x_wconf 82' lang='lat' dir='ltr'>tamen</span> <span class='ocrx_word' id='word_1_121' title='bbox 1614 1368 1742 1422; x_wconf 85' lang='lat' dir='ltr'>sine</span> <span class='ocrx_word' id='word_1_122' title='bbox 1767 1369 1972 1443; x_wconf 76' lang='lat' dir='ltr'>qratia</span> <span class='ocrx_word' id='word_1_123' title='bbox 1997 1366 2114 1423; x_wconf 83' lang='lat' dir='ltr'>Dei</span> <span class='ocrx_word' id='word_1_124' title='bbox 2128 1385 2350 1422; x_wconf 84' lang='lat' dir='ltr'>movere</span> 
     </span>
     <span class='ocr_line' id='line_1_14' title="bbox 266 1458 2351 1541; baseline -0.001 -21"><span class='ocrx_word' id='word_1_125' title='bbox 266 1485 321 1521; x_wconf 94' lang='lat' dir='ltr'>se</span> <span class='ocrx_word' id='word_1_126' title='bbox 343 1464 740 1541; x_wconf 78' lang='lat' dir='ltr'>adjustitiam</span> <span class='ocrx_word' id='word_1_127' title='bbox 764 1482 965 1518; x_wconf 85' lang='lat' dir='ltr'>coram</span> <span class='ocrx_word' id='word_1_128' title='bbox 988 1463 1087 1518; x_wconf 83' lang='lat' dir='ltr'>illo</span> <span class='ocrx_word' id='word_1_129' title='bbox 1117 1462 1305 1518; x_wconf 81' lang='lat' dir='ltr'>libera</span> <span class='ocrx_word' id='word_1_130' title='bbox 1341 1482 1452 1518; x_wconf 89' lang='lat' dir='ltr'>sua</span> <span class='ocrx_word' id='word_1_131' title='bbox 1485 1461 1778 1517; x_wconf 83' lang='lat' dir='ltr'>voluntate</span> <span class='ocrx_word' id='word_1_132' title='bbox 1795 1463 1986 1536; x_wconf 81' lang='lat' dir='ltr'>possit</span> <span class='ocrx_word' id='word_1_133' title='bbox 2013 1458 2170 1537; x_wconf 88' lang='lat' dir='ltr'><strong>(l)...</strong></span> <span class='ocrx_word' id='word_1_134' title='bbox 2204 1461 2351 1517; x_wconf 87' lang='lat' dir='ltr'>Dis-</span> 
     </span>
     <span class='ocr_line' id='line_1_15' title="bbox 259 1555 2354 1635; baseline -0.002 -20"><span class='ocrx_word' id='word_1_135' title='bbox 259 1569 573 1635; x_wconf 85' lang='lat' dir='ltr'>ponuntur</span> <span class='ocrx_word' id='word_1_136' title='bbox 604 1566 802 1614; x_wconf 88' lang='lat' dir='ltr'>autem</span> <span class='ocrx_word' id='word_1_137' title='bbox 837 1558 921 1613; x_wconf 92' lang='lat' dir='ltr'>ad</span> <span class='ocrx_word' id='word_1_138' title='bbox 942 1560 1135 1634; x_wconf 80' lang='lat' dir='ltr'>ipsam</span> <span class='ocrx_word' id='word_1_139' title='bbox 1149 1559 1459 1633; x_wconf 81' lang='lat' dir='ltr'>justitiam</span> <span class='ocrx_word' id='word_1_140' title='bbox 1483 1597 1505 1624; x_wconf 78' lang='lat'><em>,</em></span> <span class='ocrx_word' id='word_1_141' title='bbox 1533 1556 1678 1612; x_wconf 86' lang='lat' dir='ltr'>dum</span> <span class='ocrx_word' id='word_1_142' title='bbox 1706 1558 1951 1612; x_wconf 71' lang='lat' dir='ltr'>eoecitati</span> <span class='ocrx_word' id='word_1_143' title='bbox 1973 1555 2184 1611; x_wconf 87' lang='lat' dir='ltr'>divina</span> <span class='ocrx_word' id='word_1_144' title='bbox 2206 1575 2354 1632; x_wconf 74' lang='lat' dir='ltr'>yra-</span> 
     </span>
     <span class='ocr_line' id='line_1_16' title="bbox 271 1649 2360 1728; baseline -0.002 -19"><span class='ocrx_word' id='word_1_145' title='bbox 271 1656 357 1709; x_wconf 90' lang='lat' dir='ltr'>tia</span> <span class='ocrx_word' id='word_1_146' title='bbox 395 1664 448 1709; x_wconf 92' lang='lat' dir='ltr'>et</span> <span class='ocrx_word' id='word_1_147' title='bbox 494 1653 726 1728; x_wconf 79' lang='lat' dir='ltr'>adjuti,</span> <span class='ocrx_word' id='word_1_148' title='bbox 776 1652 950 1728; x_wconf 77' lang='lat' dir='ltr'>fidem</span> <span class='ocrx_word' id='word_1_149' title='bbox 988 1672 1056 1707; x_wconf 76' lang='lat' dir='ltr'>ea·</span> <span class='ocrx_word' id='word_1_150' title='bbox 1090 1651 1311 1708; x_wconf 88' lang='lat' dir='ltr'>auditu</span> <span class='ocrx_word' id='word_1_151' title='bbox 1355 1652 1780 1727; x_wconf 83' lang='lat' dir='ltr'>concipientes,</span> <span class='ocrx_word' id='word_1_152' title='bbox 1830 1649 2008 1705; x_wconf 85' lang='lat' dir='ltr'>libere</span> <span class='ocrx_word' id='word_1_153' title='bbox 2050 1658 2360 1705; x_wconf 84' lang='lat' dir='ltr'>moventur</span> 
     </span>
     <span class='ocr_line' id='line_1_17' title="bbox 270 1744 2358 1821; baseline -0.001 -18"><span class='ocrx_word' id='word_1_154' title='bbox 270 1752 338 1803; x_wconf 84' lang='lat' dir='ltr'>in</span> <span class='ocrx_word' id='word_1_155' title='bbox 364 1748 550 1803; x_wconf 89' lang='lat' dir='ltr'>Deum</span> <span class='ocrx_word' id='word_1_156' title='bbox 574 1790 589 1818; x_wconf 94' lang='lat'>7</span> <span class='ocrx_word' id='word_1_157' title='bbox 619 1746 905 1802; x_wconf 89' lang='lat' dir='ltr'>credentes</span> <span class='ocrx_word' id='word_1_158' title='bbox 924 1765 1059 1801; x_wconf 85' lang='lat' dir='ltr'>vera</span> <span class='ocrx_word' id='word_1_159' title='bbox 1084 1765 1196 1801; x_wconf 87' lang='lat' dir='ltr'>esse</span> <span class='ocrx_word' id='word_1_160' title='bbox 1215 1788 1229 1816; x_wconf 93' lang='lat'>7</span> <span class='ocrx_word' id='word_1_161' title='bbox 1258 1765 1387 1821; x_wconf 82' lang='lat' dir='ltr'>quoe</span> <span class='ocrx_word' id='word_1_162' title='bbox 1417 1745 1710 1801; x_wconf 85' lang='lat' dir='ltr'>divinitus</span> <span class='ocrx_word' id='word_1_163' title='bbox 1725 1744 1978 1801; x_wconf 86' lang='lat' dir='ltr'>revelata</span> <span class='ocrx_word' id='word_1_164' title='bbox 1999 1752 2053 1799; x_wconf 93' lang='lat' dir='ltr'>et</span> <span class='ocrx_word' id='word_1_165' title='bbox 2058 1745 2358 1820; x_wconf 89' lang='lat' dir='ltr'>promissa</span> 
     </span>
     <span class='ocr_line' id='line_1_18' title="bbox 269 1839 2361 1916; baseline -0 -20"><span class='ocrx_word' id='word_1_166' title='bbox 269 1850 415 1897; x_wconf 84' lang='lat' dir='ltr'>sunt</span> <span class='ocrx_word' id='word_1_167' title='bbox 438 1884 454 1913; x_wconf 94' lang='lat'>7</span> <span class='ocrx_word' id='word_1_168' title='bbox 484 1849 655 1916; x_wconf 87' lang='lat' dir='ltr'>atque</span> <span class='ocrx_word' id='word_1_169' title='bbox 683 1839 841 1895; x_wconf 82' lang='lat' dir='ltr'>illud</span> <span class='ocrx_word' id='word_1_170' title='bbox 872 1841 942 1895; x_wconf 89' lang='lat' dir='ltr'>in</span> <span class='ocrx_word' id='word_1_171' title='bbox 963 1841 1193 1915; x_wconf 88' lang='lat' dir='ltr'>primis</span> <span class='ocrx_word' id='word_1_172' title='bbox 1212 1881 1228 1910; x_wconf 96' lang='lat'>7</span> <span class='ocrx_word' id='word_1_173' title='bbox 1259 1860 1297 1894; x_wconf 93' lang='lat' dir='ltr'>a</span> <span class='ocrx_word' id='word_1_174' title='bbox 1322 1839 1443 1896; x_wconf 88' lang='lat' dir='ltr'>Deo</span> <span class='ocrx_word' id='word_1_175' title='bbox 1450 1839 1794 1916; x_wconf 82' lang='lat' dir='ltr'>justificari</span> <span class='ocrx_word' id='word_1_176' title='bbox 1815 1842 2080 1914; x_wconf 86' lang='lat' dir='ltr'>impium</span> <span class='ocrx_word' id='word_1_177' title='bbox 2097 1858 2215 1914; x_wconf 88' lang='lat' dir='ltr'>per</span> <span class='ocrx_word' id='word_1_178' title='bbox 2224 1858 2361 1916; x_wconf 73' lang='lat' dir='ltr'>yra-</span> 
     </span>
     <span class='ocr_line' id='line_1_19' title="bbox 274 1932 2363 2011; baseline -0.001 -21"><span class='ocrx_word' id='word_1_179' title='bbox 274 1938 423 1990; x_wconf 86' lang='lat' dir='ltr'>tiam</span> <span class='ocrx_word' id='word_1_180' title='bbox 447 1938 572 2010; x_wconf 75' lang='lat' dir='ltr'>ejus</span> <span class='ocrx_word' id='word_1_181' title='bbox 585 1975 607 2003; x_wconf 84' lang='lat'><em>,</em></span> <span class='ocrx_word' id='word_1_182' title='bbox 633 1953 743 2011; x_wconf 87' lang='lat' dir='ltr'>per</span> <span class='ocrx_word' id='word_1_183' title='bbox 782 1934 1266 2008; x_wconf 80' lang='lat' dir='ltr'>redemptionem,</span> <span class='ocrx_word' id='word_1_184' title='bbox 1299 1953 1428 2008; x_wconf 77' lang='lat' dir='ltr'>quoe</span> <span class='ocrx_word' id='word_1_185' title='bbox 1464 1942 1545 1989; x_wconf 88' lang='lat' dir='ltr'>est</span> <span class='ocrx_word' id='word_1_186' title='bbox 1570 1937 1638 1988; x_wconf 88' lang='lat' dir='ltr'>in</span> <span class='ocrx_word' id='word_1_187' title='bbox 1672 1933 1899 1990; x_wconf 74' lang='lat' dir='ltr'>Christo</span> <span class='ocrx_word' id='word_1_188' title='bbox 1926 1932 2104 2002; x_wconf 76' lang='lat' dir='ltr'>Jesu3</span> <span class='ocrx_word' id='word_1_189' title='bbox 2131 1941 2186 1988; x_wconf 92' lang='lat' dir='ltr'>et</span> <span class='ocrx_word' id='word_1_190' title='bbox 2214 1933 2363 1988; x_wconf 89' lang='lat' dir='ltr'>dum</span> 
     </span>
     <span class='ocr_line' id='line_1_20' title="bbox 266 2026 2430 2106; baseline -0.002 -21"><span class='ocrx_word' id='word_1_191' title='bbox 266 2038 590 2106; x_wconf 82' lang='lat' dir='ltr'>peccatores</span> <span class='ocrx_word' id='word_1_192' title='bbox 624 2048 679 2084; x_wconf 86' lang='lat' dir='ltr'>se</span> <span class='ocrx_word' id='word_1_193' title='bbox 721 2048 832 2084; x_wconf 88' lang='lat' dir='ltr'>esse</span> <span class='ocrx_word' id='word_1_194' title='bbox 875 2028 1252 2104; x_wconf 63' lang='lat' dir='ltr'>intellzyentes</span> <span class='ocrx_word' id='word_1_195' title='bbox 1274 2069 1297 2096; x_wconf 69' lang='lat'>7</span> <span class='ocrx_word' id='word_1_196' title='bbox 1348 2048 1387 2083; x_wconf 92' lang='lat' dir='ltr'>a</span> <span class='ocrx_word' id='word_1_197' title='bbox 1422 2026 1642 2084; x_wconf 86' lang='lat' dir='ltr'>divinoe</span> <span class='ocrx_word' id='word_1_198' title='bbox 1663 2028 1927 2102; x_wconf 70' lang='lat' dir='ltr'>justitiae</span> <span class='ocrx_word' id='word_1_199' title='bbox 1963 2030 2203 2097; x_wconf 85' lang='lat' dir='ltr'>timore7</span> <span class='ocrx_word' id='word_1_200' title='bbox 2248 2046 2361 2102; x_wconf 85' lang='lat' dir='ltr'>quo</span> <span class='ocrx_word' id='word_1_201' title='bbox 2428 2064 2430 2067; x_wconf 92' lang='lat'><em>-</em></span> 
     </span>
     <span class='ocr_line' id='line_1_21' title="bbox 277 2121 2360 2191; baseline -0.001 -12"><span class='ocrx_word' id='word_1_202' title='bbox 277 2124 506 2179; x_wconf 81' lang='lat' dir='ltr'>utiliter</span> <span class='ocrx_word' id='word_1_203' title='bbox 538 2125 990 2191; x_wconf 83' lang='lat' dir='ltr'>concutiuntur,</span> <span class='ocrx_word' id='word_1_204' title='bbox 1018 2122 1100 2177; x_wconf 90' lang='lat' dir='ltr'>ad</span> <span class='ocrx_word' id='word_1_205' title='bbox 1124 2121 1615 2177; x_wconf 87' lang='lat' dir='ltr'>considerandam</span> <span class='ocrx_word' id='word_1_206' title='bbox 1638 2122 1758 2177; x_wconf 90' lang='lat' dir='ltr'>Dei</span> <span class='ocrx_word' id='word_1_207' title='bbox 1787 2121 2263 2177; x_wconf 85' lang='lat' dir='ltr'>misericordiam</span> <span class='ocrx_word' id='word_1_208' title='bbox 2303 2140 2360 2176; x_wconf 88' lang='lat' dir='ltr'>se</span> 
     </span>
     <span class='ocr_line' id='line_1_22' title="bbox 272 2215 2363 2293; baseline -0.002 -19"><span class='ocrx_word' id='word_1_209' title='bbox 272 2217 649 2274; x_wconf 84' lang='lat' dir='ltr'>convertendo</span> <span class='ocrx_word' id='word_1_210' title='bbox 666 2219 773 2286; x_wconf 81' lang='lat' dir='ltr'>,in</span> <span class='ocrx_word' id='word_1_211' title='bbox 808 2237 967 2293; x_wconf 87' lang='lat' dir='ltr'>spem</span> <span class='ocrx_word' id='word_1_212' title='bbox 1009 2220 1325 2293; x_wconf 75' lang='lat' dir='ltr'>eriquntur</span> <span class='ocrx_word' id='word_1_213' title='bbox 1358 2260 1373 2286; x_wconf 92' lang='lat'>7</span> <span class='ocrx_word' id='word_1_214' title='bbox 1412 2216 1653 2291; x_wconf 73' lang='lat' dir='ltr'>fidentes</span> <span class='ocrx_word' id='word_1_215' title='bbox 1681 2258 1696 2288; x_wconf 95' lang='lat'>7</span> <span class='ocrx_word' id='word_1_216' title='bbox 1735 2215 1932 2271; x_wconf 89' lang='lat' dir='ltr'>Deum</span> <span class='ocrx_word' id='word_1_217' title='bbox 1976 2215 2100 2270; x_wconf 82' lang='lat' dir='ltr'>sihi</span> <span class='ocrx_word' id='word_1_218' title='bbox 2116 2223 2363 2293; x_wconf 88' lang='lat' dir='ltr'>propter</span> 
     </span>
     <span class='ocr_line' id='line_1_23' title="bbox 282 2310 2360 2388; baseline -0.002 -20"><span class='ocrx_word' id='word_1_219' title='bbox 282 2311 584 2368; x_wconf 74' lang='lat' dir='ltr'>Christum</span> <span class='ocrx_word' id='word_1_220' title='bbox 613 2314 953 2388; x_wconf 85' lang='lat' dir='ltr'>propitium</span> <span class='ocrx_word' id='word_1_221' title='bbox 987 2312 1116 2385; x_wconf 79' lang='lat' dir='ltr'>fore</span> <span class='ocrx_word' id='word_1_222' title='bbox 1130 2351 1152 2379; x_wconf 85' lang='lat'><em>,</em></span> <span class='ocrx_word' id='word_1_223' title='bbox 1185 2310 1506 2386; x_wconf 84' lang='lat' dir='ltr'>illumque,</span> <span class='ocrx_word' id='word_1_224' title='bbox 1556 2318 1847 2385; x_wconf 80' lang='lat' dir='ltr'>tanquam</span> <span class='ocrx_word' id='word_1_225' title='bbox 1884 2311 2076 2386; x_wconf 87' lang='lat' dir='ltr'>omnis</span> <span class='ocrx_word' id='word_1_226' title='bbox 2096 2311 2360 2384; x_wconf 65' lang='lat' dir='ltr'>justitiae</span> 
     </span>
     <span class='ocr_line' id='line_1_24' title="bbox 269 2403 2361 2483; baseline -0.002 -20"><span class='ocrx_word' id='word_1_227' title='bbox 269 2410 477 2479; x_wconf 83' lang='lat' dir='ltr'>fontem</span> <span class='ocrx_word' id='word_1_228' title='bbox 504 2450 520 2478; x_wconf 94' lang='lat'>7</span> <span class='ocrx_word' id='word_1_229' title='bbox 550 2406 793 2483; x_wconf 65' lang='lat' dir='ltr'>diliyere</span> <span class='ocrx_word' id='word_1_230' title='bbox 824 2408 1144 2482; x_wconf 79' lang='lat' dir='ltr'>incipiunt3</span> <span class='ocrx_word' id='word_1_231' title='bbox 1177 2424 1245 2460; x_wconf 87' lang='lat' dir='ltr'>ac</span> <span class='ocrx_word' id='word_1_232' title='bbox 1269 2412 1586 2480; x_wconf 89' lang='lat' dir='ltr'>propterea</span> <span class='ocrx_word' id='word_1_233' title='bbox 1609 2412 1901 2460; x_wconf 86' lang='lat' dir='ltr'>moventur</span> <span class='ocrx_word' id='word_1_234' title='bbox 1928 2403 2206 2461; x_wconf 71' lang='lat' dir='ltr'>adversus</span> <span class='ocrx_word' id='word_1_235' title='bbox 2219 2422 2361 2478; x_wconf 84' lang='lat' dir='ltr'>pec—</span> 
     </span>
     <span class='ocr_line' id='line_1_25' title="bbox 276 2496 2362 2576; baseline -0.001 -20"><span class='ocrx_word' id='word_1_236' title='bbox 276 2510 409 2557; x_wconf 86' lang='lat' dir='ltr'>cata</span> <span class='ocrx_word' id='word_1_237' title='bbox 438 2522 546 2576; x_wconf 85' lang='lat' dir='ltr'>per</span> <span class='ocrx_word' id='word_1_238' title='bbox 577 2500 765 2557; x_wconf 84' lang='lat' dir='ltr'>odium</span> <span class='ocrx_word' id='word_1_239' title='bbox 794 2499 1025 2576; x_wconf 81' lang='lat' dir='ltr'>aliquod</span> <span class='ocrx_word' id='word_1_240' title='bbox 1049 2508 1103 2556; x_wconf 88' lang='lat' dir='ltr'>et</span> <span class='ocrx_word' id='word_1_241' title='bbox 1141 2498 1560 2555; x_wconf 82' lang='lat' dir='ltr'>detestationem</span> <span class='ocrx_word' id='word_1_242' title='bbox 1587 2497 1776 2573; x_wconf 76' lang='lat'><strong>(2)....</strong></span> <span class='ocrx_word' id='word_1_243' title='bbox 1811 2496 1988 2553; x_wconf 80' lang='lat' dir='ltr'>Hanc</span> <span class='ocrx_word' id='word_1_244' title='bbox 2021 2497 2362 2574; x_wconf 77' lang='lat' dir='ltr'>dispositio-</span> 
     </span>
     <span class='ocr_line' id='line_1_26' title="bbox 275 2594 2362 2673; baseline -0.002 -21"><span class='ocrx_word' id='word_1_245' title='bbox 275 2617 401 2652; x_wconf 82' lang='lat' dir='ltr'>nem</span> <span class='ocrx_word' id='word_1_246' title='bbox 438 2618 537 2653; x_wconf 87' lang='lat' dir='ltr'>seu</span> <span class='ocrx_word' id='word_1_247' title='bbox 563 2601 1045 2673; x_wconf 69' lang='lat' dir='ltr'>praeparationem</span> <span class='ocrx_word' id='word_1_248' title='bbox 1082 2594 1432 2671; x_wconf 73' lang='lat' dir='ltr'>justificatio</span> <span class='ocrx_word' id='word_1_249' title='bbox 1467 2599 1596 2670; x_wconf 86' lang='lat' dir='ltr'>ipsa</span> <span class='ocrx_word' id='word_1_250' title='bbox 1640 2596 2039 2670; x_wconf 79' lang='lat' dir='ltr'>consequitur,</span> <span class='ocrx_word' id='word_1_251' title='bbox 2081 2612 2210 2669; x_wconf 84' lang='lat' dir='ltr'>quoe</span> <span class='ocrx_word' id='word_1_252' title='bbox 2250 2612 2362 2649; x_wconf 84' lang='lat' dir='ltr'>non</span> 
     </span>
     <span class='ocr_line' id='line_1_27' title="bbox 277 2687 2430 2768; baseline -0.001 -22"><span class='ocrx_word' id='word_1_253' title='bbox 277 2700 358 2747; x_wconf 90' lang='lat' dir='ltr'>est</span> <span class='ocrx_word' id='word_1_254' title='bbox 397 2695 512 2748; x_wconf 84' lang='lat' dir='ltr'>sola</span> <span class='ocrx_word' id='word_1_255' title='bbox 545 2700 906 2768; x_wconf 87' lang='lat' dir='ltr'>peccatorum</span> <span class='ocrx_word' id='word_1_256' title='bbox 958 2693 1253 2758; x_wconf 85' lang='lat' dir='ltr'>remissie,</span> <span class='ocrx_word' id='word_1_257' title='bbox 1299 2689 1404 2746; x_wconf 89' lang='lat' dir='ltr'>sed</span> <span class='ocrx_word' id='word_1_258' title='bbox 1437 2698 1492 2745; x_wconf 90' lang='lat' dir='ltr'>et</span> <span class='ocrx_word' id='word_1_259' title='bbox 1531 2687 1942 2764; x_wconf 74' lang='lat' dir='ltr'>sanctificatio,</span> <span class='ocrx_word' id='word_1_260' title='bbox 1981 2697 2038 2744; x_wconf 90' lang='lat' dir='ltr'>et</span> <span class='ocrx_word' id='word_1_261' title='bbox 2071 2691 2363 2744; x_wconf 85' lang='lat' dir='ltr'>renovatio</span> <span class='ocrx_word' id='word_1_262' title='bbox 2426 2699 2430 2702; x_wconf 85' lang='grc'><strong>’</strong></span> 
     </span>
     <span class='ocr_line' id='line_1_28' title="bbox 274 2780 2364 2861; baseline -0.002 -19"><span class='ocrx_word' id='word_1_263' title='bbox 274 2789 574 2842; x_wconf 77' lang='lat' dir='ltr'>interioris</span> <span class='ocrx_word' id='word_1_264' title='bbox 596 2784 839 2842; x_wconf 81' lang='lat' dir='ltr'>hominis</span> <span class='ocrx_word' id='word_1_265' title='bbox 869 2805 985 2861; x_wconf 88' lang='lat' dir='ltr'>per</span> <span class='ocrx_word' id='word_1_266' title='bbox 1018 2788 1400 2842; x_wconf 83' lang='lat' dir='ltr'>voluntariam</span> <span class='ocrx_word' id='word_1_267' title='bbox 1444 2786 1850 2860; x_wconf 85' lang='lat' dir='ltr'>susceptionem</span> <span class='ocrx_word' id='word_1_268' title='bbox 1875 2785 2086 2859; x_wconf 72' lang='lat' dir='ltr'>qratioe</span> <span class='ocrx_word' id='word_1_269' title='bbox 2113 2790 2168 2838; x_wconf 89' lang='lat' dir='ltr'>et</span> <span class='ocrx_word' id='word_1_270' title='bbox 2197 2780 2364 2838; x_wconf 83' lang='lat' dir='ltr'>dono-</span> 
     </span>
    </p>
   </div>
   <div class='ocr_carea' id='block_1_3' title="bbox 270 3102 2426 3664">
    <p class='ocr_par' dir='ltr' id='par_1_3' title="bbox 270 3102 2426 3494">
     <span class='ocr_line' id='line_1_29' title="bbox 280 3102 2354 3171; baseline 0.001 -18"><span class='ocrx_word' id='word_1_271' title='bbox 280 3107 482 3170; x_wconf 80' lang='lat' dir='ltr'>tificetur</span> <span class='ocrx_word' id='word_1_272' title='bbox 492 3107 625 3155; x_wconf 82' lang='lat' dir='ltr'>homo</span> <span class='ocrx_word' id='word_1_273' title='bbox 645 3145 658 3166; x_wconf 87' lang='lat'>7</span> <span class='ocrx_word' id='word_1_274' title='bbox 675 3123 825 3171; x_wconf 82' lang='lat' dir='ltr'>neque</span> <span class='ocrx_word' id='word_1_275' title='bbox 845 3114 1002 3154; x_wconf 80' lang='lat' dir='ltr'>tamen</span> <span class='ocrx_word' id='word_1_276' title='bbox 1015 3122 1045 3153; x_wconf 86' lang='lat' dir='ltr'>a</span> <span class='ocrx_word' id='word_1_277' title='bbox 1060 3107 1274 3171; x_wconf 77' lang='lat' dir='ltr'>qratuita</span> <span class='ocrx_word' id='word_1_278' title='bbox 1348 3105 1629 3171; x_wconf 72' lang='lat' dir='ltr'>poenitentia</span> <span class='ocrx_word' id='word_1_279' title='bbox 1643 3139 1659 3165; x_wconf 89' lang='lat'><strong>,</strong></span> <span class='ocrx_word' id='word_1_280' title='bbox 1683 3120 1827 3168; x_wconf 85' lang='lat' dir='ltr'>quam</span> <span class='ocrx_word' id='word_1_281' title='bbox 1854 3102 1912 3152; x_wconf 84' lang='lat' dir='ltr'>ab</span> <span class='ocrx_word' id='word_1_282' title='bbox 1929 3104 2044 3167; x_wconf 56' lang='lat' dir='ltr'>ipsa]</span> <span class='ocrx_word' id='word_1_283' title='bbox 2057 3121 2254 3154; x_wconf 82' lang='lat' dir='ltr'>manare</span> <span class='ocrx_word' id='word_1_284' title='bbox 2279 3107 2354 3156; x_wconf 82' lang='lat' dir='ltr'>vel</span> 
     </span>
     <span class='ocr_line' id='line_1_30' title="bbox 270 3184 2350 3253; baseline 0.001 -19"><span class='ocrx_word' id='word_1_285' title='bbox 270 3188 478 3252; x_wconf 73' lang='lat' dir='ltr'>Justitiae</span> <span class='ocrx_word' id='word_1_286' title='bbox 519 3190 835 3253; x_wconf 82' lang='lat' dir='ltr'>imputatione</span> <span class='ocrx_word' id='word_1_287' title='bbox 874 3196 1116 3253; x_wconf 84' lang='lat' dir='ltr'>separetur</span> <span class='ocrx_word' id='word_1_288' title='bbox 1169 3204 1274 3235; x_wconf 85' lang='lat' dir='ltr'>rea·</span> <span class='ocrx_word' id='word_1_289' title='bbox 1346 3188 1587 3252; x_wconf 74' lang='lat' dir='ltr'>proferri,</span> <span class='ocrx_word' id='word_1_290' title='bbox 1612 3196 1839 3251; x_wconf 79' lang='lat' dir='ltr'>tanquam</span> <span class='ocrx_word' id='word_1_291' title='bbox 1859 3184 2052 3252; x_wconf 73' lang='lat' dir='ltr'>fructas</span> <span class='ocrx_word' id='word_1_292' title='bbox 2083 3188 2142 3237; x_wconf 87' lang='lat' dir='ltr'>ab</span> <span class='ocrx_word' id='word_1_293' title='bbox 2166 3188 2350 3248; x_wconf 78' lang='lat' dir='ltr'>arbore,</span> 
     </span>
     <span class='ocr_line' id='line_1_31' title="bbox 282 3265 2426 3336; baseline 0.001 -23"><span class='ocrx_word' id='word_1_294' title='bbox 282 3265 342 3314; x_wconf 87' lang='lat' dir='ltr'>lis</span> <span class='ocrx_word' id='word_1_295' title='bbox 362 3301 377 3326; x_wconf 93' lang='lat'>‚</span> <span class='ocrx_word' id='word_1_296' title='bbox 396 3276 449 3314; x_wconf 84' lang='lat' dir='ltr'>ut</span> <span class='ocrx_word' id='word_1_297' title='bbox 462 3268 529 3315; x_wconf 83' lang='lat' dir='ltr'>ita</span> <span class='ocrx_word' id='word_1_298' title='bbox 544 3267 733 3331; x_wconf 82' lang='lat' dir='ltr'>loquar,</span> <span class='ocrx_word' id='word_1_299' title='bbox 758 3270 867 3317; x_wconf 83' lang='lat' dir='ltr'>vitoe</span> <span class='ocrx_word' id='word_1_300' title='bbox 890 3271 1137 3318; x_wconf 78' lang='lat' dir='ltr'>sanctitas.</span> <span class='ocrx_word' id='word_1_301' title='bbox 1162 3268 1274 3316; x_wconf 84' lang='lat' dir='ltr'>Poe-</span> <span class='ocrx_word' id='word_1_302' title='bbox 1356 3286 1605 3334; x_wconf 73' lang='lat' dir='ltr'>uunquam</span> <span class='ocrx_word' id='word_1_303' title='bbox 1635 3270 1708 3316; x_wconf 86' lang='lat' dir='ltr'>vis</span> <span class='ocrx_word' id='word_1_304' title='bbox 1733 3270 1834 3334; x_wconf 71' lang='lat' dir='ltr'>ejus</span> <span class='ocrx_word' id='word_1_305' title='bbox 1846 3269 1950 3333; x_wconf 83' lang='lat' dir='ltr'>fuit</span> <span class='ocrx_word' id='word_1_306' title='bbox 1972 3272 2159 3336; x_wconf 72' lang='lat' dir='ltr'>coquita</span> <span class='ocrx_word' id='word_1_307' title='bbox 2175 3307 2190 3331; x_wconf 88' lang='lat'>7</span> <span class='ocrx_word' id='word_1_308' title='bbox 2207 3277 2251 3318; x_wconf 82' lang='lat' dir='ltr'>et</span> <span class='ocrx_word' id='word_1_309' title='bbox 2272 3271 2353 3318; x_wconf 80' lang='lat' dir='ltr'>ni·</span> <span class='ocrx_word' id='word_1_310' title='bbox 2424 3313 2426 3316; x_wconf 85' lang='grc'><em>,</em></span> 
     </span>
     <span class='ocr_line' id='line_1_32' title="bbox 279 3340 2352 3416; baseline 0.003 -22"><span class='ocrx_word' id='word_1_311' title='bbox 279 3349 538 3395; x_wconf 72' lang='lat' dir='ltr'>nitentium</span> <span class='ocrx_word' id='word_1_312' title='bbox 561 3365 668 3396; x_wconf 83' lang='lat' dir='ltr'>vero</span> <span class='ocrx_word' id='word_1_313' title='bbox 686 3366 784 3397; x_wconf 78' lang='lat' dir='ltr'>non</span> <span class='ocrx_word' id='word_1_314' title='bbox 814 3346 948 3398; x_wconf 82' lang='lat' dir='ltr'>modo</span> <span class='ocrx_word' id='word_1_315' title='bbox 979 3350 1124 3414; x_wconf 85' lang='lat' dir='ltr'>fidem</span> <span class='ocrx_word' id='word_1_316' title='bbox 1155 3357 1273 3398; x_wconf 80' lang='lat' dir='ltr'>con·</span> <span class='ocrx_word' id='word_1_317' title='bbox 1355 3354 1511 3401; x_wconf 83' lang='lat' dir='ltr'>mium</span> <span class='ocrx_word' id='word_1_318' title='bbox 1538 3351 1628 3400; x_wconf 81' lang='lat' dir='ltr'>levi</span> <span class='ocrx_word' id='word_1_319' title='bbox 1653 3361 1932 3416; x_wconf 77' lang='lat' dir='ltr'>arqumento</span> <span class='ocrx_word' id='word_1_320' title='bbox 1972 3340 2037 3403; x_wconf 78' lang='lat' dir='ltr'>ad</span> <span class='ocrx_word' id='word_1_321' title='bbox 2059 3353 2115 3403; x_wconf 84' lang='lat' dir='ltr'>id</span> <span class='ocrx_word' id='word_1_322' title='bbox 2144 3354 2352 3402; x_wconf 74' lang='lat' dir='ltr'>semieu-</span> 
     </span>
     <span class='ocr_line' id='line_1_33' title="bbox 280 3428 1775 3494; baseline 0.005 -19"><span class='ocrx_word' id='word_1_323' title='bbox 280 3429 418 3476; x_wconf 77' lang='lat' dir='ltr'>tinuo</span> <span class='ocrx_word' id='word_1_324' title='bbox 435 3428 686 3494; x_wconf 78' lang='lat' dir='ltr'>subsequi,</span> <span class='ocrx_word' id='word_1_325' title='bbox 714 3431 794 3478; x_wconf 78' lang='lat' dir='ltr'>sed</span> <span class='ocrx_word' id='word_1_326' title='bbox 813 3447 871 3479; x_wconf 70' lang='lat' dir='ltr'>ex</span> <span class='ocrx_word' id='word_1_327' title='bbox 895 3448 952 3479; x_wconf 88' lang='lat' dir='ltr'>ea</span> <span class='ocrx_word' id='word_1_328' title='bbox 980 3434 1120 3481; x_wconf 76' lang='lat' dir='ltr'>nasei</span> <span class='ocrx_word' id='word_1_329' title='bbox 1139 3469 1152 3492; x_wconf 85' lang='lat'>7</span> <span class='ocrx_word' id='word_1_330' title='bbox 1190 3448 1272 3479; x_wconf 74' lang='lat' dir='ltr'>ex·</span> <span class='ocrx_word' id='word_1_331' title='bbox 1361 3434 1477 3482; x_wconf 79' lang='lat' dir='ltr'>dum</span> <span class='ocrx_word' id='word_1_332' title='bbox 1508 3442 1775 3484; x_wconf 72' lang='lat' dir='ltr'>moventur.</span> 
     </span>
    </p>

    <p class='ocr_par' dir='ltr' id='par_1_4' title="bbox 281 3502 1970 3582">
     <span class='ocr_line' id='line_1_34' title="bbox 281 3502 1970 3582; baseline 0.005 -24"><span class='ocrx_word' id='word_1_333' title='bbox 281 3518 358 3559; x_wconf 85' lang='lat' dir='ltr'>tra</span> <span class='ocrx_word' id='word_1_334' title='bbox 373 3514 735 3561; x_wconf 79' lang='lat' dir='ltr'>controversiam</span> <span class='ocrx_word' id='word_1_335' title='bbox 757 3531 852 3563; x_wconf 78' lang='lat' dir='ltr'>esse</span> <span class='ocrx_word' id='word_1_336' title='bbox 867 3514 1052 3568; x_wconf 70' lang='lat' dir='ltr'>debet...</span> <span class='ocrx_word' id='word_1_337' title='bbox 1080 3514 1272 3581; x_wconf 76' lang='lat' dir='ltr'>Quibus</span> <span class='ocrx_word' id='word_1_338' title='bbox 1422 3515 1498 3580; x_wconf 83' lang='grc'><strong>(1)·</strong></span> <span class='ocrx_word' id='word_1_339' title='bbox 1525 3502 1644 3565; x_wconf 64' lang='grc' dir='ltr'><strong>Βοὲς.</strong></span> <span class='ocrx_word' id='word_1_340' title='bbox 1674 3533 1749 3576; x_wconf 74' lang='lat' dir='ltr'>vt,</span> <span class='ocrx_word' id='word_1_341' title='bbox 1791 3533 1896 3582; x_wconf 86' lang='lat' dir='ltr'>cap.</span> <span class='ocrx_word' id='word_1_342' title='bbox 1925 3536 1970 3568; x_wconf 83' lang='lat' dir='ltr'>v.</span> 
     </span>
    </p>

    <p class='ocr_par' dir='ltr' id='par_1_5' title="bbox 280 3589 1892 3664">
     <span class='ocr_line' id='line_1_35' title="bbox 280 3589 1892 3664; baseline 0.005 -24"><span class='ocrx_word' id='word_1_343' title='bbox 280 3599 439 3643; x_wconf 76' lang='lat' dir='ltr'>autem</span> <span class='ocrx_word' id='word_1_344' title='bbox 467 3593 815 3664; x_wconf 71' lang='lat' dir='ltr'>videtur-fidem</span> <span class='ocrx_word' id='word_1_345' title='bbox 833 3589 996 3662; x_wconf 76' lang='lat' dir='ltr'>potius</span> <span class='ocrx_word' id='word_1_346' title='bbox 1010 3593 1273 3663; x_wconf 80' lang='lat' dir='ltr'>proecedere</span> <span class='ocrx_word' id='word_1_347' title='bbox 1354 3594 1356 3596; x_wconf 73' lang='grc'><strong>’</strong></span> <span class='ocrx_word' id='word_1_348' title='bbox 1429 3595 1494 3661; x_wconf 80' lang='lat'>(2)</span> <span class='ocrx_word' id='word_1_349' title='bbox 1530 3596 1654 3648; x_wconf 87' lang='lat' dir='ltr'>Ibid.</span> <span class='ocrx_word' id='word_1_350' title='bbox 1694 3615 1798 3664; x_wconf 83' lang='lat' dir='ltr'>cap.</span> <span class='ocrx_word' id='word_1_351' title='bbox 1822 3614 1892 3650; x_wconf 74' lang='lat' dir='ltr'>vl.</span> 
     </span>
    </p>
   </div>
  </div>
 </body>
</html>
