2430 4056
123 285 129 291 ⁴
214 207 325 267 168

944 216 1141 254 Tnac'r.
1185 215 1252 252 ”B
1292 217 1538 260 anana„

214 368 333 428 Dei
354 385 472 423 non
495 361 580 420 ad
599 358 856 436 sinqulos
890 365 1056 414 actus
1081 354 1228 412 dari
1247 395 1264 426 ‚
1296 354 1402 412 sed
1439 358 1509 413 in
1539 354 1721 414 libero
1750 354 2007 427 arbitrio
2033 371 2148 412 esse
2182 355 2271 412 vel

208 465 287 520 in
310 461 421 537 le9e
444 465 612 532 atque
638 451 907 508 doctrina
931 447 1043 527 (1).

302 550 437 609 362.
472 545 558 606 Ad
581 544 720 613 10⁰⁰,
734 532 890 648 Ne9.
915 539 1307 600 Gennadlum
1291 549 1450 598 mter
1464 523 1945 623 semipelagianos
1967 560 2274 600 recensen-

224 644 362 702 dum
389 660 534 711 esse3
560 635 712 718 quod
737 635 785 693 si
808 634 1139 694 interdum'
1123 633 1258 713 1psis
1289 632 1419 714 plus
1443 650 1618 714 quam
1643 656 1748 716 par
1772 645 1918 695 esset
1946 630 2276 694 Gennadius

221 734 492 803 indulsit,
537 730 607 789 ab
641 742 838 789 eorum·
876 728 1157 788 sententia
1200 727 1464 800 recessit3
1500 726 1769 810 nihilque·
1794 729 1856 787 in
1892 749 2064 812 opere
2108 729 2279 787 citato

226 826 466 886 occurrit
486 868 511 900 ‚‚
531 823 685 904 quod
713 820 1334 903 Semipelagianismum
1360 821 1774 902 sapha-Quare
1802 820 1925 881 loco
1958 823 2053 882 cit.
2081 820 2283 882 catho-

222 921 391 979 licam
427 919 743 978 doctrinam
769 917 1043 999 expressit
1072 917 1184 994 (2).

291 1125 362 1185 (l)
397 1122 494 1171 Cfr.
524 1119 653 1186 plura
674 1121 926 1168 testimonia
961 1117 1080 1179 apud
1103 1116 1204 1163 Tri-

231 1221 340 1252 cass.
365 1221 439 1267 op.
460 1204 538 1250 cit.
562 1210 676 1263 part.
708 1216 751 1258 1,
779 1208 891 1246 sect.
925 1214 975 1243 111
1001 1205 1045 1243 et
1078 1212 1207 1261 seqq.

299 1284 363 1346 (2)
399 1283 492 1329 Cfr.
523 1280 677 1328 Mass'ei
698 1315 710 1339 ‚
751 1277 886 1326 Hist.
937 1275 1100 1324 Theol.
1128 1277 1213 1325 lib.

234 1378 340 1421 xvr,
368 1380 464 1426 cap.
503 1377 589 1421 10,
626 1360 704 1408 ubi
742 1356 1027 1406 Gennadium
1063 1368 1213 1406 osten-

235 1444 299 1491 dit
317 1446 459 1489 virum
477 1441 611 1488 fuisse
628 1440 920 1488 catholicum.
948 1438 1065 1486 Sane
1094 1437 1217 1486 Gen-

236 1523 395 1570 nadius
422 1520 571 1568 scribit
594 1538 606 1567 :
633 1522 801 1568 lWanet
825 1522 979 1583 itaque
1001 1519 1063 1565 ad
1091 1535 1218 1582 quoe-

239 1603 436 1652 rendum
466 1601 664 1647 salutem
691 1601 883 1648 arbitrii
910 1600 1120 1657 libertas,
1144 1600 1224 1647 sed

239 1685 510 1733 admonente
522 1682 661 1744 prius
680 1681 796 1744 &Deo
827 1689 870 1727 et
902 1683 1134 1729 invitante
1163 1680 1226 1728 acl

244 1765 453 1815 salutem.
497 1765 693 1815 Nullum
738 1762 973 1810 credimus
1009 1763 1075 1810 ad
1107 1761 1228 1809 salu-

246 1858 360 1909 tem,
389 1850 490 1895 nisi
514 1847 617 1895 Deo
638 1846 871 1893 invitante
892 1878 908 1906 ‚
945 1845 1131 1894 venire.
1160 1843 1230 1891 ln·

250 1939 317 1977 ter
351 1947 421 1994 op.
451 1928 632 1994 August.
667 1938 780 1985 tom,
826 1942 909 1973 vur
932 1963 944 1984 ‚
986 1944 1089 1990 pag.
1134 1925 1228 1992 78,

256 2012 373 2074 apud
398 2011 607 2057 eumdem
638 2008 761 2055 Maff.
796 2007 882 2054 loc.
908 2010 983 2054 cit.
1004 2008 1105 2071 Ipse
1131 2007 1231 2055 Nat.

256 2089 383 2138 Alex.
418 2093 556 2138 Diss.
590 2108 653 2149 iv,
678 2092 733 2137 in
759 2088 870 2139 hist.
900 2087 1009 2136 eccl.
1041 2106 1143 2136 saec.
1171 2106 1197 2136 v
1218 2123 1233 2147 ,

257 2180 389 2233 agens
423 2168 478 2218 de
511 2171 624 2217 libro
643 2168 889 2232 Gennadii,
921 2180 973 2217 ex
997 2186 1086 2234 quo
1117 2165 1237 2235 obje-

258 2261 377 2298 ctum
398 2260 462 2298 est
488 2254 788 2299 testimonium
806 2286 822 2311 ‚
851 2263 1015 2315 nempe
1032 2249 1110 2297 De
1127 2250 1240 2315 doq-

257 2339 372 2379 mat.
404 2331 653 2380 ecclesiast.
682 2333 789 2380 dicit
820 2350 927 2380 eum
962 2332 1241 2379 catholicum

260 2429 354 2460 esse
381 2423 422 2460 et
455 2414 615 2476 dogma
654 2414 709 2462 ab
750 2414 1022 2461 Arausicana
1059 2412 1242 2478 Synodo

262 2494 477 2540 traditum
495 2494 544 2540 in
558 2512 610 2541 eo
635 2497 853 2543 contineri
873 2532 884 2554 ,
903 2505 946 2542 et
965 2512 989 2541 a
1009 2494 1241 2543 Gennadio

262 2575 355 2637 jam
389 2575 670 2637 resipiscente
710 2577 844 2623 fuisse
880 2574 1051 2623 editum
1081 2587 1123 2623 et
1142 2579 1242 2623 mis·

264 2671 362 2701 sum
378 2655 432 2700 ad
445 2654 700 2702 Pontificem
715 2654 961 2702 Gelasium.
978 2657 1246 2721 Csr.Meye1·‚

267 2733 403 2781 Hist.
426 2733 481 2780 de
498 2733 632 2783 Aac.
649 2735 738 2782 vol.
762 2752 793 2781 n
816 2772 828 2794 ,
854 2755 953 2801 pag.
977 2737 1090 2785 331.
1120 2736 1248 2786 Circa

270 2814 486 2861 Faustum
516 2814 777 2877 Regiensem
807 2852 820 2874 ‚
850 2817 906 2863 de
938 2821 1067 2882 cujus
1093 2820 1250 2867 ortho-

268 2895 399 2942 doxia
442 2912 466 2942 a
500 2895 676 2943 Norisio
699 2933 710 2954 ‚
741 2897 1028 2946 Tillemontio
1065 2900 1251 2964 aliisque

270 2975 526 3024 dubitatum
547 2989 610 3025 est
629 3006 640 3034 9
658 2979 737 3025 cfr.
755 2978 1009 3042 St-iltingus‚
1038 2989 1150 3028 tom.
1168 2999 1252 3043 vu,

274 3059 437 3102 mensis
475 3055 778 3121 Septembris,
823 3062 876 3108 ad
920 3062 1039 3116 diem
1080 3079 1253 3123 xxvm,
1295 3079 1297 3081 ’

276 3133 357 3181 ubi
370 3133 396 3198 ἓ
410 3152 486 3183 vm
500 3148 542 3184 et
559 3157 686 3203 seqq.
704 3159 805 3205 pag.
830 3139 927 3205 670
944 3152 987 3190 et
1000 3160 1129 3207 seqq.
1149 3160 1260 3207 pro-—>

277 3212 370 3260 lixa
418 3215 721 3268 dissertatione
761 3225 911 3286 ipsum
953 3225 1155 3272 defendit
1198 3224 1256 3273 ab

279 3297 404 3342 omni
434 3300 591 3345 erroris
611 3305 873 3364 suspicione.
900 3303 1127 3368 Quoniam
1149 3321 1254 3354 vero

261 3374 337 3422 .de
370 3374 598 3427 Gennadio
623 3391 666 3428 et
702 3382 863 3431 Fausto
903 3389 1070 3448 agitur,
1112 3388 1258 3452 piacet

283 3454 441 3504 affer-re
454 3461 675 3521 judicium
692 3497 706 3525 ‚
725 3465 846 3528 quod
871 3464 1129 3515 Gennadius
1152 3469 1257 3516 tulit

282 3535 340 3583 de
367 3536 491 3586 libris
517 3539 701 3601 Fausti,
734 3555 784 3593 ut
799 3558 1005 3610 appareat
1024 3551 1260 3614 utriusque

281 3616 544 3670 orthodoxia
558 3638 574 3670 ε
592 3621 765 3673 Edidit
779 3643 954 3692 quoque
974 3631 993 3692 (
1021 3628 1259 3690 Faustus),

1300 1118 1451 1180 inquit
1470 1151 1483 1174 ,
1512 1129 1629 1178 opus
1644 1116 1882 1178 e9re9ium
1899 1113 1978 1163 De
1989 1115 2147 1179 qratia
2163 1113 2209 1164 1:
2217 1117 2282 1177 ei,

1297 1212 1391 1260 qua
1413 1194 1656 1244 salvamur
1673 1233 1687 1256 ‚
1714 1205 1758 1244 et
1776 1195 2147 1245 liberohumana'
2159 1213 2292 1245 men-

1271 1294 1273 1296 ·
1298 1278 1360 1324 tis
1379 1277 1578 1324 arbitrio
1596 1314 1609 1336 ‚
1639 1278 1694 1324 in
1715 1294 1805 1341 quo
1824 1277 2085 1327 salvamur.
2109 1277 2178 1326 Iu
2199 1281 2292 1341 quo

1305 1373 1438 1422 opere
1473 1357 1627 1418 docet,
1672 1360 1879 1422 qrate'am
1916 1358 2017 1406 Dei
2048 1375 2229 1424 semper
2254 1366 2299 1406 et

1301 1439 1509 1486 invitare
1539 1447 1582 1485 et
1597 1441 1858 1504 proecedere
1884 1448 1926 1487 et
1933 1442 2112 1505 juvare
2140 1438 2298 1487 volun·

1305 1525 1446 1566 tatem
1472 1526 1683 1566 nostram
1701 1537 1722 1580 ‚·
1757 1528 1799 1567 et
1827 1519 2062 1584 quidquid
2101 1521 2210 1586 ipsa
2236 1518 2299 1567 li-

1296 1596 1457 1656 bertas
1489 1599 1683 1647 arbitrii
1702 1617 1793 1666 pro
1825 1600 1979 1648 labore
1997 1603 2097 1666 pioe
2129 1616 2301 1648 meroe-

1309 1681 1386 1728 dis
1419 1683 1695 1745 acquisierit
1723 1718 1737 1739 ‚
1784 1698 1883 1729 non
1920 1698 2016 1729 esse
2050 1681 2305 1747 proprium

1311 1765 1562 1823 meritum,
1606 1763 1688 1810 sed
1714 1765 1881 1827 qratioe
1913 1759 2107 1812 donum.
2145 1763 2215 1812 Ita
2254 1764 2306 1810 in

1319 1843 1542 1908 Catalo9o
1581 1843 1841 1892 illustrium
1879 1847 2024 1893 viror.
2054 1847 2174 1894 inter
2196 1861 2306 1909 opp.

1315 1925 1364 1973 S.
1389 1925 1634 1991 Hieronym
1653 1962 1669 1986 ‚
1700 1927 1811 1975 edit.
1841 1925 1973 1974 Rom.
2008 1923 2158 1989 1572,
2189 1933 2303 1973 tom.

1317 2024 1362 2054 rx
1384 2044 1396 2066 ,
1425 2026 1528 2072 pag.
1564 2006 1678 2055 316.
1719 2007 1826 2056 Haec
1861 2017 1993 2056 erunt
2024 2005 2311 2054 animadver-

1319 2088 1454 2136 tenda
1487 2088 1545 2135 ad
1577 2088 1789 2136 fraudem
1827 2088 2166 2154 praecavendam
2198 2087 2312 2135 Jan-

1322 2171 1434 2217 senii
1454 2206 1466 2228 ,
1487 2171 1564 2234 qui
1586 2177 1636 2217 ‘ut
1653 2170 1828 2217 facilius
1844 2206 1858 2231 ,
1875 2170 2128 2218 haereticam
2145 2168 2315 2215 doctri·

1324 2269 1433 2299 nam
1461 2269 1588 2300 suam
1619 2261 1836 2317 tanquam
1867 2250 2137 2298 catholicam
2157 2248 2313 2296 obtru-

1327 2333 1434 2391 dat,
1464 2334 1574 2380 solet
1603 2336 1763 2381 erroris
1792 2332 2016 2397 postulare
2036 2332 2183 2396 plures
2202 2327 2317 2378 anti*-

1330 2431 1443 2479 quos
1485 2413 1730 2478 Scriptores
1770 2413 2011 2462 catholicos
2050 2418 2102 2460 ut
2141 2412 2319 2459 evincat

1334 2512 1531 2544 errorem
1571 2493 2038 2559 Semipelagianorum
2078 2494 2128 2540 in
2154 2509 2206 2539 eo
2237 2500 2321 2539 ste·

1334 2580 1464 2635 fisse,
1496 2577 1619 2641 quod
1645 2577 1815 2624 vellent
1832 2576 2169 2623 immunitatem
2193 2590 2218 2620 a
2247 2587 2321 2619 ne-

1333 2659 1540 2706 cessitate
1561 2659 1809 2705 consistere
1830 2656 1917 2704 sub
1930 2656 2107 2719 qratia.
2126 2653 2323 2718 Quidam

1335 2743 1487 2788 minus
1520 2741 1638 2787 cauti
1667 2739 1839 2803 decepti
1876 2748 2001 2785 sunt.
2040 2735 2089 2784 Si
2120 2735 2321 2783 Janseni-

1336 2832 1422 2870 stas
1452 2821 1638 2879 audiaS‚
1669 2829 1894 2885 quotquot
1935 2836 2031 2866 non
2074 2817 2326 2867 admittunt

1340 2920 1418 2950 sua
1434 2902 1661 2966 paradoxa
1676 2937 1688 2959 ‚
1708 2901 1894 2947 totidem
1916 2900 2141 2964 pelagiani
2157 2906 2234 2946 aut
2254 2895 2327 2944 Se-

1343 2985 1629 3048 mipelagiani
1671 2991 1810 3044 sunt3
1844 2983 1954 3029 hinc
1981 2982 2071 3029 illae
2102 2978 2292 3044 querelae
2311 3013 2325 3038 ,

1343 3065 1465 3131 quod
1511 3065 1637 3112 nulla
1671 3063 1847 3111 haeresis
1883 3063 1995 3110 adeo
2034 3061 2200 3110 diffusa
2242 3061 2328 3118 sit,

1342 3162 1429 3193 nec
1450 3145 1621 3193 tamdiu
1639 3146 1996 3207 perseveraverit.
2021 3143 2087 3190 lta
2101 3141 2333 3205 Gnigoire,

1347 3226 1478 3273 Hist.
1507 3225 1586 3272 des
1613 3222 1770 3275 Seates
1795 3256 1808 3287 ,
1837 3235 1952 3275 tom.
1983 3239 2018 3270 u
2036 3261 2049 3282 ,
2069 3222 2335 3271 Nouveaua·

1349 3303 1623 3369 Pelaqiens,
1674 3320 1779 3369 pag.
1821 3303 1918 3371 295
1955 3322 1968 3353 ε
2013 3303 2082 3352 Le
2112 3301 2337 3365 Pelayia-

1343 3389 1495 3435 nisme
1522 3394 1590 3433 est
1603 3384 1804 3446 l'erreur
1831 3385 1876 3432 la
1891 3386 2004 3451 pius
2021 3383 2331 3450 repandae...

1343 3467 1542 3516 l’erreur
1560 3465 1707 3514 d'une
1725 3466 1853 3531 faule
1872 3467 1928 3514 de
1934 3465 2192 3532 pretendas
2204 3462 2338 3531 chre-

1345 3550 1469 3597 tiens
1496 3550 1616 3613 qui,
1647 3564 1758 3595 sans
1787 3547 1828 3595 Ie
1847 3547 2082 3613 professor
2105 3545 2338 3593 emericu-

1345 3638 1526 3679 rement
1541 3667 1554 3692 ,
1581 3638 1813 3696 comptem
1845 3645 1930 3679 sur
1950 3628 2073 3679 leurs
2088 3625 2237 3691 sorau
2259 3634 2343 3671 ua·
