2540 4074
294 218 415 281 1100

1046 228 1222 268 TRAGT
1231 251 1243 264 .
1292 228 1362 264 DE
1402 226 1636 264 GRATIA.

296 380 676 460 baptismatis
691 377 897 455 qratia
913 380 1264 430 renovatum
1282 412 1298 440 ,
1315 366 1594 428 idoneum
1619 388 1735 427 esse
1755 367 1841 425 ad
1862 365 2239 442 superandas
2275 365 2405 424 dia-

298 477 418 535 boli
443 473 700 532 iusidias
740 478 794 526 ec
830 467 917 524 ad
944 464 1267 522 vincendas
1307 466 1513 520 carnis
1543 464 2056 540 concupiscentias
2084 503 2100 532 .,
2142 462 2266 516 nisi
2295 479 2409 536 per

296 567 715 649 quotidianum
754 561 1135 637 adjutorium
1176 558 1295 616 Dei
1329 543 1842 634 perseverantiam
1885 556 2052 615 honoe
2092 553 2406 612 conversa—

301 666 479 722 tionis
507 659 797 735 acceperit
817 653 925 731 (l).

1095 823 1560 884 DIFFICULTATES
1569 853 1580 864 .

382 975 523 1034 204.
570 972 701 1050 Obj.
750 971 812 1029 1⁰
851 968 973 1028 Nisi
1009 968 1069 1025 in
1108 966 1346 1024 homine
1387 971 1548 1044 justo
1596 966 1981 1024 constitutum
2017 979 2168 1028 esset
2207 987 2407 1050 perse—

306 1090 544 1143 verare,
592 1068 800 1125 frustra
843 1065 964 1145 ipse
1011 1060 1301 1120 laboraret
1346 1061 1420 1119 ad
1455 1060 1971 1142 perseverandum.
2030 1063 2098 1121 20
2142 1062 2201 1120 Si
2251 1063 2410 1121 enim

308 1164 735 1246 perseverantia
762 1161 981 1219 donum
1000 1159 1102 1217 Dei
1118 1170 1206 1218 est
1226 1203 1240 1232 ,
1271 1178 1698 1240 supervacanea
1725 1157 1898 1238 plane
1921 1158 2032 1230 erit
2053 1157 2271 1239 quaevis
2299 1157 2411 1216 ho-

301 1254 474 1318 minis
519 1256 879 1327 sollicitud03
921 1276 1058 1313 nam
1097 1299 1112 1328 7
1137 1254 1185 1311 si
1231 1255 1384 1312 Deus
1426 1252 1572 1310 illud
1606 1252 1849 1332 largitur
1878 1298 1892 1327 a
1924 1257 2115 1331 justus
2154 1252 2411 1335 profecto

298 1364 664 1435 perseveratz,
716 1350 873 1432 quod
915 1350 962 1407 si
1010 1348 1158 1407 illud
1197 1350 1350 1406 Deus
1392 1369 1515 1405 non
1556 1347 1868 1427 largiatur,
1910 1349 2113 1430 quavis
2150 1346 2411 1407 adhibita

308 1447 605 1528 diligentia
638 1445 851 1503 labitur
896 1465 959 1502 ac
997 1444 1231 1501 ruinam
1260 1442 1368 1501 sihi
1399 1453 1586 1523 parat.
1635 1441 1700 1500 30
1739 1444 1889 1501 Hinc
1923 1442 2144 1501 inutilis
2183 1443 2250 1500 fit
2281 1463 2411 1500 om-

306 1543 397 1599 nis
438 1541 763 1599 adhortatio
813 1550 910 1597 aut
954 1538 1237 1619 correptio
1282 1559 1359 1596 ne
1411 1537 1588 1596 homo
1644 1536 1739 1597 vel
1781 1539 1842 1596 in
1893 1538 2414 1620 praesumptionem

301 1636 393 1696 vel
427 1639 488 1694 in
518 1635 981 1717 desperationem
1009 1634 1229 1692 incidat
1249 1678 1264 1708 7
1293 1632 1359 1691 40
1395 1634 1647 1692 maxime
1682 1631 1841 1713 quod
1869 1631 2153 1710 ejusmodi
2185 1631 2410 1690 donum

366 1827 431 1890 (l)
468 1824 626 1891 Epist.
690 1826 754 1873 ad
820 1825 1033 1874 Galliar.
1101 1824 1308 1891 Episco-

292 1925 379 1974 pos
399 1944 412 1970 ‚
443 1925 544 1972 cap.
587 1905 651 1969 63
692 1919 812 1956 extat
848 1926 954 1956 vero
986 1909 1087 1955 haec
1118 1906 1309 1971 epistola

304 1995 354 2038 in
394 1988 702 2053 Appendicis
735 1991 914 2055 primm
952 1999 1077 2054 parte
1113 1999 1165 2035 11²¹
1190 2026 1203 2047 ‚
1251 1987 1311 2035 ad

303 2072 473 2120 calcem
504 2088 608 2135 opp„
638 2071 690 2119 S.
721 2074 966 2137 Augustini
997 2080 1152 2119 contra
1183 2070 1313 2118 Pela-

302 2158 457 2222 gianos
474 2194 487 2216 ‚
516 2170 628 2206 tom.
648 2174 674 2202 x
690 2189 706 2215 ‚
727 2155 837 2203 edit.
861 2153 1063 2200 Maurin.
1084 2153 1149 2199 Ex
1166 2154 1313 2200 citatis

302 2242 448 2290 verbis
462 2242 510 2290 S.
530 2240 758 2287 Coelestini
775 2237 940 2301 liquet,
967 2238 1181 2300 gratiam,
1211 2251 1311 2299 quae

303 2334 404 2388 post
430 2324 639 2387 adeptam
656 2320 1031 2386 justificationem
1066 2319 1313 2383 requiritur

303 2406 361 2453 ad
380 2404 759 2469 perseverandum
777 2439 789 2460 ‚
814 2418 908 2449 esse
938 2403 1130 2465 gratiam
1154 2409 1311 2447 actua-

305 2488 415 2545 lem,
435 2487 562 2533 illam
580 2503 744 2548 nempe
769 2487 917 2548 ipsam
937 2520 950 2543 ,
976 2500 1076 2548 quae
1101 2499 1310 2529 necessa-

306 2567 375 2614 ria
405 2578 469 2614 est
492 2578 592 2614 tum
620 2567 678 2613 ad
704 2566 981 2630 superandas
1009 2566 1276 2612 tentationes
1295 2599 1308 2622 ‚

307 2658 407 2694 tum
438 2647 496 2694 ad
526 2648 772 2695 vincendas
807 2650 955 2694 carnis
982 2650 1311 2711 concupiscen-

308 2732 392 2777 tias
411 2766 424 2789 ‚
454 2729 664 2794 nihilque
696 2745 775 2792 per
810 2746 856 2776 se
890 2729 1057 2776 addere
1088 2729 1313 2793 peculiare

308 2812 366 2860 ad
393 2813 586 2859 activam
614 2811 1013 2874 perseverantiam.
1045 2809 1111 2856 Ex
1144 2808 1313 2874 quibus

309 2893 603 2957 intelligimus
613 2892 777 2956 primo
796 2928 808 2949 ‚
839 2907 933 2937 non
947 2892 1034 2938 alio
1060 2906 1196 2948 sensu
1214 2901 1325 2938 tum'

312 2975 370 3023 ab
412 2973 614 3038 antiquis
652 2972 890 3030 Patribus,
929 2974 1010 3037 qui
1048 2983 1315 3037 pugnarunt

315 3056 526 3103 adversus
556 3054 942 3118 Semipelagianos
961 3089 974 3113 ‚
1005 3063 1103 3100 tum
1131 3071 1157 3100 a
1186 3053 1313 3102 Con-

315 3134 419 3183 cilio
439 3134 708 3183 Tridentino
726 3173 739 3194 ,
767 3136 893 3201 quod
919 3146 1151 3199 receptum
1180 3136 1302 3200 apud

319 3208 488 3264 veteres
511 3215 731 3281 loquendi
756 3235 890 3264 usum
909 3219 1144 3281 usurpavit
1163 3253 1175 3274 ,
1210 3235 1317 3281 gra-

318 3300 428 3346 tiam
481 3299 537 3345 ad
571 3299 972 3361 perseverandum
1015 3301 1316 3348 necessariam

316 3381 467 3429 vocari
502 3377 707 3444 speciale
735 3378 837 3427 Dei
862 3380 1104 3429 auxilium
1123 3417 1139 3443 ,
1173 3399 1314 3447 quam

317 3471 370 3510 ut
404 3461 734 3525 significaretur
767 3461 991 3510 auxilium
1034 3462 1317 3511 distinctum

317 3561 346 3591 a
373 3545 517 3608 gratia
546 3543 853 3608 justificante,
891 3561 1001 3604 seu,
1032 3555 1083 3592 ut
1122 3546 1313 3603 dicunt,

315 3624 559 3673 habituali.
577 3622 729 3672 Gratia
753 3626 880 3672 enim
898 3626 1186 3674 sanctificans
1205 3643 1316 3674 con-

314 3707 460 3755 stituit
492 3705 680 3773 quidem
713 3706 952 3758 hominem
978 3707 1278 3773 justificatum
1299 3745 1313 3770 ‚

1392 1825 1488 1874 Deo
1526 1836 1767 1891 acceptum
1807 1837 1852 1874 et
1892 1842 2083 1885 carum,
2132 1842 2186 1873 ac
2227 1833 2410 1890 reparat

1391 1918 1561 1955 statum
1584 1948 1588 1958 f
1611 1908 2006 1972 supernaturalem
2060 1909 2282 1955 amissum
2327 1924 2408 1971 per

1390 2000 1629 2054 peccatum
1667 1989 1774 2036 Adae
1793 2026 1805 2050 ,
1839 1990 1919 2038 sed
1948 2006 2044 2037 non
2079 1989 2318 2037 ordinatur
2347 1989 2407 2036 ad

1391 2071 1667 2136 reparandas
1693 2074 1811 2119 vires
1841 2073 2027 2119 amissas
2052 2071 2275 2135 peridem
2298 2087 2407 2134 pec-

1392 2164 1579 2214 catum3
1610 2153 1667 2200 ad
1686 2154 1769 2201 has
1794 2155 1918 2201 enirn
1946 2153 2220 2217 reparandas
2247 2155 2408 2217 requi·

1390 2237 1505 2282 ritur
1525 2235 1749 2283 auxilium
1769 2235 1947 2283 actuale
1965 2272 1977 2293 ‚
2000 2244 2042 2282 et
2059 2234 2250 2299 quidem
2267 2232 2402 2299 juge3

1390 2317 1598 2382 alioquin
1626 2334 1721 2364 non
1746 2326 1896 2381 potest
1919 2317 2059 2364 homo
2086 2318 2331 2364 consistere
2354 2318 2406 2362 in

1391 2399 1550 2463 adepta
1574 2399 1904 2464 justificatione
1930 2398 1990 2446 ob
2011 2400 2200 2446 insitam
2223 2397 2311 2445 sibi
2329 2399 2405 2444 in-

1392 2480 1677 2530 firmitatem.
1710 2480 2014 2544 Intelligimus
2045 2478 2250 2527 secundo
2270 2516 2283 2538 ‚
2319 2496 2403 2526 su—

1390 2580 1723 2627 pervacaneam
1743 2580 1927 2627 prorsus
1951 2578 2050 2609 esse
2073 2563 2402 2626 quaestionem,

1393 2661 1494 2710 quae
1539 2648 1706 2709 passim
1749 2662 1776 2692 a
1818 2644 2060 2707 Theologis
2109 2645 2364 2691 instituitur
2382 2678 2401 2704 ‚

1392 2745 1508 2774 num
1535 2738 1696 2791 praeter
1723 2728 1913 2791 gratiam
1943 2725 2310 2773 sanctificantem
2344 2724 2405 2772 ad

1392 2809 1515 2858 hene
1526 2809 1809 2874 operandum
1834 2811 2086 2856 necessaria
2118 2818 2329 2872 praeterea
2348 2809 2406 2855 sit

1394 2894 1535 2955 gratia
1555 2891 1746 2939 actualis
1766 2908 1780 2954 3
1805 2908 1913 2937 nam
1931 2899 1982 2937 ut
2009 2907 2062 2937 ex
2086 2890 2218 2937 dictis
2243 2899 2369 2955 patet
2387 2926 2401 2949 ‚

1395 2976 1580 3040 quaestio
1595 2975 1693 3022 haec
1708 2991 1802 3022 non
1820 2973 1875 3020 ad
1891 2973 2180 3022 scholasticas
2190 2973 2405 3038 quaestio-

1394 3074 1476 3103 nes
1499 3059 1694 3120 pertinet
1714 3092 1727 3114 ‚
1751 3055 1827 3103 sed
1843 3064 1909 3102 est
1931 3055 2038 3101 fidei
2058 3055 2223 3119 dogma
2238 3054 2297 3102 ab
2314 3053 2404 3102 Ec-

1395 3138 1530 3185 clesia
1571 3138 1840 3186 definitum.
1892 3136 1949 3183 Et
1993 3137 2094 3185 haec
2140 3137 2256 3184 ratio
2292 3145 2359 3184 est
2385 3172 2401 3195 ‚

1397 3238 1538 3285 quare
1574 3238 1658 3268 nos
1706 3220 2003 3284 quaestionem
2047 3220 2169 3267 hanc
2218 3224 2402 3283 praeter-

1406 3304 1632 3349 misimus.
1663 3287 1820 3348 Exeo
1852 3302 1977 3365 quod
2010 3301 2110 3349 haec
2155 3301 2213 3350 de
2249 3317 2403 3366 perse-

1396 3384 1925 3434 verantiacontroversia
1953 3400 2048 3430 non
2072 3385 2181 3432 satis
2209 3370 2295 3430 fdit
2321 3400 2402 3431 ex-

1396 3464 1581 3528 planata
1594 3501 1606 3523 ‚
1625 3463 1943 3512 molestissima
1959 3475 2054 3513 orta
2069 3475 2135 3514 est
2149 3467 2200 3513 in
2213 3465 2403 3513 scientia

1396 3545 1649 3610 theologica
1690 3545 1992 3610 perturbatio.
2035 3546 2134 3596 cfr.
2163 3546 2308 3612 Vasq.
2351 3549 2402 3593 in

1409 3636 1507 3685 1²⁸²,
1530 3640 1605 3690 2⁸³,
1640 3626 1687 3676 S.
1711 3627 1880 3677 Thom.
1899 3639 2010 3678 tom.
2030 3644 2093 3689 ιι,
2120 3631 2239 3696 disp.
2278 3644 2369 3694 197
2385 3665 2399 3689 ‚

1396 3725 1503 3773 cap.
1534 3724 1563 3756 2
1584 3745 1598 3769 ,
1629 3720 1674 3759 et
1700 3710 1816 3775 disp.
1846 3725 1942 3776 217
1963 3748 1977 3772 ‚
2006 3728 2110 3776 cap.
2139 3708 2170 3759 5
2191 3748 2205 3774 ,
2236 3729 2286 3778 n,
2311 3707 2400 3774 42.
