2430 4056
699 214 858 251 PART.
905 212 973 250 11.
1020 213 1142 249 CAP.
1187 213 1229 251 1.
1275 211 1684 252 PRAEROUONBS.

2116 192 2240 250 215

150 358 327 416 ficans
353 378 384 416 a
409 357 623 417 virtute
648 354 941 414 charitatis
965 354 1193 416 realiter
1214 354 1630 436 distinguatur„
1653 375 1762 415 nec
1783 352 1901 415 ne?
1924 352 1991 413 4⁰
2021 355 2234 413 Utrum

146 463 356 532 praeter
385 451 624 512 virtutes
649 447 993 528 theologicas
1017 449 1403 509 infundantur
1429 461 1706 531 praeterea
1743 470 2024 530 unacum
2052 449 2237 528 gratia

151 546 542 606 sanctificante
571 543 745 604 etiam
776 544 1060 604 virtutum
1082 542 1389 603 moralium
1412 543 1643 602 habitus
1663 590 1680 619 .,
1721 544 1821 625 qui
1861 544 1924 602 in
1962 542 2233 603 facilitate

142 641 395 721 quadam
422 650 479 700 et
500 639 884 720 propensione
914 640 987 698 ad
1019 651 1174 699 recte
1199 638 1560 721 operandum
1588 640 1917 698 consistunt
1944 638 2078 719 (l)?
2114 638 2238 696 Hoc

141 733 504 796 verisimilius
545 755 667 792 esse
703 735 925 794 censuit
955 733 1274 794 Concilium
1306 734 1633 794 Viennense
1655 779 1671 809 .,
1721 745 1786 792 ut
1808 745 1972 815 patet
2005 754 2076 793 ex
2097 730 2232 791 Cle-

141 829 435 903 mentina,
460 829 550 889 De
568 849 803 888 summa
843 829 1018 889 Trin.
1049 827 1153 887 ubi
1180 827 1386 907 legitur
1419 851 1432 887 :
1475 830 1834 908 Opinionem
1850 874 1866 903 ,
1894 850 2028 908 quoe
2055 829 2232 900 dicit,

144 1058 400 1108 traditione
432 1059 748 1109 ecclesiastica
766 1098 779 1121 ,
810 1076 958 1124 neque
984 1075 1043 1107 ew
1059 1058 1140 1106 de-

133 1141 438 1204 finitionibus
481 1141 823 1191 Conciliorum.
861 1140 946 1206 Et,
969 1140 1142 1188 Conci-

138 1221 260 1270 lium
301 1223 524 1272 Trident.
561 1223 675 1272 locis
706 1240 854 1289 supra
875 1237 1143 1271 commemo·

136 1306 258 1353 ratis
275 1341 291 1369 ‚
335 1314 390 1353 ut
419 1314 538 1354 recte
575 1305 797 1354 admonet
842 1304 1143 1353 doctissimus

140 1385 295 1435 Pater
322 1386 433 1435 Soto
450 1424 464 1446 ,
497 1387 581 1436 lib.
613 1404 641 1435 2
659 1424 672 1447 ,
702 1374 785 1436 Do
805 1395 909 1437 nat.
943 1394 988 1435 et
1009 1395 1138 1452 qrat.

139 1484 244 1534 cap.
289 1465 346 1516 18
365 1506 378 1526 ,
408 1468 616 1517 consulto
634 1469 875 1518 abstinuit
896 1486 926 1517 a
951 1470 1145 1518 nomine

141 1546 332 1598 habitus
349 1588 362 1610 ,
383 1550 463 1597 sed
474 1559 660 1599 tantum
674 1551 893 1614 definivit
907 1551 1145 1598 hominem

122 1619 402 1695 ¹justificare
433 1649 526 1697 per
544 1634 796 1699 justitiam
830 1632 1059 1699 diffusam
1088 1635 1146 1680 in

142 1711 364 1760 cordibus
399 1715 573 1761 nostris
595 1751 608 1773 ‚
631 1731 738 1778 quw
769 1713 852 1761 illi
893 1713 1142 1762 inboereat.

142 1792 202 1840 Et
222 1794 357 1858 paulo
372 1805 471 1859 post
497 1799 547 1843 in
574 1797 801 1844 solutione
826 1796 1095 1862 objectionis
1128 1811 1142 1842 ε

144 1872 277 1920 Illud
299 1876 442 1922 etiam
484 1876 825 1924 advertendum
850 1914 863 1937 ‚
891 1876 1017 1941 quod
1066 1875 1148 1923 illa

127 1955 331 2020 justitia
367 1957 572 2003 interior
609 1966 653 2003 et
691 1957 931 2005 inhaerens
951 1995 963 2016 ‚
992 1966 1037 2004 et
1062 1957 1148 2004 illa

141 2038 344 2084 mutatio
383 2036 644 2086 voluntatis
668 2073 682 2097 ‚
713 2055 808 2102 qua
830 2047 1068 2104 peccator
1090 2054 1148 2086 ea·

99 2149 104 2152 -
134 2134 287 2185 pravo
318 2118 378 2181 fit
401 2127 556 2165 rectus
580 2157 593 2177 ‚
627 2127 781 2184 potest
812 2120 926 2183 fieri
962 2119 1148 2167 duobus

143 2200 315 2247 modis.
340 2199 452 2249 Uno
476 2201 611 2248 modo
624 2218 715 2266 per
742 2202 1040 2266 infusionem
1060 2200 1147 2250 ali·

141 2283 282 2346 cujus
298 2280 544 2345 qualitatis
565 2281 950 2346 supernaturalis
967 2282 1019 2329 in
1038 2283 1150 2331 ani-

142 2378 308 2424 mam3
343 2361 437 2409 alio
470 2362 613 2411 >modo
657 2371 806 2428 potest
836 2364 947 2426 fieri
982 2379 1013 2409 a
1041 2363 1148 2412 Deo

142 2444 245 2491 sine
268 2443 508 2506 infusione
536 2442 745 2509 alicujus
775 2443 1017 2508 qualitatis
1043 2461 1150 2510 per-

142 2525 386 2572 manentis
401 2562 414 2585 ‚
430 2524 513 2572 secl
523 2542 615 2590 per
628 2525 775 2572 solam
790 2525 1022 2574 actualem
1049 2543 1149 2573 mo-

150 2606 325 2654 tionem
355 2607 702 2654 diviniauatilii
724 2645 737 2665 .‚
765 2608 890 2671 quod
911 2606 1150 2655 auxilium

151 2703 240 2734 sua
250 2688 456 2753 efficacia
470 2689 700 2736 convertit
714 2690 930 2736 animum
944 2689 1151 2736 hominis

150 2784 181 2815 a
195 2768 434 2833 pravitate
476 2770 540 2816 ad
571 2770 924 2819 rectitudinem.
973 2770 1151 2818 Utrum

150 2866 259 2898 vero
306 2847 437 2898 Deus
477 2851 655 2915 efficiat
700 2851 826 2899 hanc
874 2849 1152 2900 'interiorem

150 2932 501 2979 renovationem
520 2949 614 2997 per
639 2931 851 2997 aliquam
869 2933 1151 2998 qualitatem

142 3020 502 3076 permanentem
536 3021 582 3060 et
607 3014 822 3077 infusam
841 3051 855 3074 ,
886 3014 959 3062 vel
982 3017 1151 3080 potius

143 3109 236 3156 per
253 3091 400 3141 solam
441 3095 695 3142 motionem
734 3095 937 3143 actualia
965 3096 1153 3144 auxilii

151 3172 345 3234 divini,
369 3173 642 3223 Concilium
683 3175 1027 3224 Tridentinum
1056 3195 1154 3227 non

150 3254 334 3318 definit.
362 3254 476 3305 Non
511 3257 640 3305 enim
674 3256 759 3306 illa
779 3259 975 3322 quaestio
997 3261 1152 3324 perti-

150 3337 293 3383 nebat
316 3336 381 3383 ad
410 3337 488 3397 id,
513 3338 640 3403 quod
654 3347 756 3388 erat
770 3341 1067 3405 propositum
1095 3342 1152 3389 in

155 3416 388 3467 Concilio.
425 3417 524 3467 Cfr.
556 3421 693 3468 etiam
729 3420 967 3487 Vasquez,
997 3419 1066 3468 In
1107 3439 1152 3482 1,

151 3515 214 3559 2,
245 3500 359 3548 dist.
398 3495 522 3565 187,
560 3517 663 3566 cap.
697 3518 746 3562 2,
794 3492 886 3551 tota
925 3511 972 3552 et
1020 3503 1155 3567 longa

151 3580 325 3646 disput.
383 3579 480 3629 203
508 3597 523 3645 ;
573 3581 692 3648 disp.
739 3599 868 3646 210,
909 3602 1013 3650 cap.
1076 3584 1110 3634 8
1138 3601 1152 3648 3

108 3662 113 3665 ”
152 3661 268 3727 disp.
303 3661 427 3730 196,
454 3682 552 3730 cap.
579 3666 608 3713 3
628 3684 710 3727 ,n.
745 3682 797 3713 11
832 3683 1031 3733 seqq.n.
1061 3664 1153 3731 ¹53

1222 1059 1342 1126 disp.
1373 1074 1464 1107 211
1490 1095 1504 1118 ,
1542 1075 1646 1123 cap.
1678 1058 1728 1118 3,
1757 1075 1807 1106 n.
1841 1074 1927 1124 173
1971 1056 2094 1123 disp.
2118 1058 2233 1120 218,

1222 1157 1323 1206 cap.
1368 1140 1416 1202 3,
1457 1158 1504 1188 n.
1554 1137 1647 1201 15‚·
1686 1138 1805 1204 disp.
1849 1155 1976 1205 219,
2016 1156 2118 1204 cap.
2175 1155 2230 1199 1,

1222 1239 1268 1269 n.
1300 1222 1352 1282 3,
1385 1221 1450 1286 43
1478 1220 1550 1270 In
1575 1230 1665 1269 tert
1686 1228 1817 1286 part.
1841 1231 1928 1269 art.
1958 1237 2004 1278 2,
2034 1220 2148 1269 dub.
2170 1219 2234 1283 3,

1222 1320 1275 1351 n.
1318 1318 1396 1370 17..
1431 1302 1542 1353 Haec
1583 1304 1804 1353 adnotare
1849 1302 2006 1363 volui,
2047 1319 2106 1350 ne
2147 1305 2237 1350 mi-

1223 1401 1311 1432 nus
1329 1386 1460 1450 periti
1481 1386 1532 1432 in
1555 1384 1691 1433 rebus
1709 1384 1974 1449 theologicis
1992 1378 2231 1449 decipian-

1226 1475 1328 1525 tur,
1369 1468 1694 1530 permiscentes
1741 1483 1847 1514 cum
1883 1465 2085 1513 articulis
2128 1465 2237 1515 fidei

1225 1549 1496 1612 quaestiones
1524 1565 1647 1595 mere
1676 1547 1990 1610 scholasticas,
2021 1556 2158 1611 atque
2175 1548 2238 1594 ita

1226 1627 1465 1677 traducant
1489 1638 1709 1694 tanquam
1737 1628 1993 1676 haereticam
2015 1638 2092 1676 aut
2112 1644 2238 1676 erro-

1226 1727 1361 1758 neam
1408 1728 1564 1758 eorum
1609 1711 1896 1767 doctrinam,
1939 1712 2019 1775 qui
2060 1707 2238 1756 nullam

1226 1798 1485 1855 agnoscunt
1516 1791 1855 1840 distinctione-m
1899 1793 2019 1850 inter
2051 1792 2238 1855 gratiam

1228 1873 1510 1921 habitualem
1544 1884 1588 1921 et
1611 1874 1855 1921 actualem.
1891 1871 2023 1935 Quod
2056 1889 2165 1920 sane
2182 1872 2239 1920 de

1227 1953 1319 2000 fide
1353 1971 1449 2001 non
1489 1964 1570 2000 est.
1596 1955 1809 2001 Ceterum
1839 1971 1945 2001 cum
1980 1953 2188 2000 doctrina
2216 1989 2229 2012 ‚

1230 2052 1331 2100 quae
1355 2037 1486 2098 ponit
1502 2035 1842 2083 distinctionem
1863 2037 1979 2081 inter
1995 2044 2239 2098 utramque

1229 2119 1421 2180 gratiam
1445 2153 1457 2175 ‚
1483 2119 1746 2164 communis
1769 2119 1826 2163 sit
1848 2132 1903 2164 ac
1932 2115 1989 2163 ab
2020 2114 2238 2162 omnibus

1231 2213 1362 2245 nunc
1387 2207 1569 2262 recepta
1587 2233 1601 2257 ,
1633 2215 1718 2246 nos
1751 2196 1812 2245 ab
1848 2214 1899 2245 ea
1917 2214 2016 2245 non
2044 2196 2240 2244 discedi-

1230 2295 1368 2341 mus3
1398 2281 1494 2326 imo
1526 2282 1645 2327 certa
1672 2279 1808 2326 nobis
1831 2278 2014 2326 videtur
2057 2294 2111 2324 ac
2144 2294 2238 2323 ma-

1230 2362 1297 2422 gis
1322 2360 1569 2407 conformis
1602 2359 1844 2424 Scripturis
1880 2364 1926 2407 et
1968 2360 2118 2407 sensui
2152 2357 2241 2403 Ec-

1230 2440 1374 2487 clesiae
1387 2475 1402 2500 ,
1421 2451 1472 2487 ut
1500 2447 1652 2506 pastea
1685 2440 1993 2490 ostendemus.
2016 2439 2111 2486 Cfr.
2132 2437 2242 2486 Sua·

1231 2538 1303 2568 rez
1324 2559 1338 2582 ,
1369 2520 1455 2573 lib.
1499 2539 1542 2569 vl
1566 2559 1578 2581 ,
1618 2521 1699 2570 De
1729 2522 1930 2569 essentia
1954 2521 2125 2586 qratioe
2159 2535 2243 2566 seu

1216 2604 1428 2668 justitiae
1455 2602 1743 2664 habitualis,
1782 2620 1916 2667 capp.
1957 2619 2042 2650 vm
2073 2611 2118 2649 et
2162 2617 2234 2647 1x.

1231 2684 1449 2749 Quamvis
1480 2689 1575 2750 ipse
1619 2685 1807 2734 ulterius
1842 2684 2051 2749 progredi
2084 2683 2238 2731 videa-

1232 2776 1322 2825 tur,
1339 2768 1450 2814 dum
1469 2777 1621 2815 censet
1639 2803 1651 2825 ,
1668 2766 1724 2814 de
1739 2767 1830 2815 fide
1842 2783 1939 2815 esse
1955 2765 2139 2813 infundi
2155 2765 2238 2813 ha-

1232 2848 1356 2896 bitus
1381 2851 1608 2897 virtutum
1634 2846 1990 2913 theologicarum
2019 2863 2099 2910 per
2125 2846 2242 2910 bap·

1229 2932 1452 2990 tismum‚
1495 2940 1540 2978 et
1577 2930 1716 2979 verba
1739 2929 1934 2976 Concilii
1970 2927 2243 2976 Viennensis

1230 3014 1424 3076 exponit
1433 3011 1488 3059 de
1501 3010 1734 3059 habitibus
1744 3012 1962 3058 virtutum
1975 3008 2218 3056 moralium
2227 3043 2240 3056 .

1232 3093 1447 3143 Ceterum
1467 3100 1512 3140 et
1525 3096 1620 3157 ipse
1637 3090 1956 3150 Bellarminus,
1985 3087 2057 3137 De
2070 3090 2110 3137 J
2110 3090 2243 3154 ustis}

1234 3175 1321 3225 lib.
1362 3190 1416 3235 ιι,
1440 3191 1541 3239 cap.
1582 3173 1639 3222 15
1661 3210 1674 3234 ‚
1706 3183 1861 3222 utrum
1890 3174 2067 3239 justitia
2100 3172 2245 3220 inhae-

1233 3275 1338 3306 rens
1353 3295 1366 3319 ‚
1400 3274 1481 3321 per
1501 3273 1641 3322 quam
1661 3256 1915 3304 formaliter
1930 3256 2042 3320 justi
2059 3270 2240 3313 sumus,

1232 3342 1288 3389 sit
1309 3338 1484 3417 limma
1513 3338 1761 3387 habitualis
1782 3374 1796 3399 ,
1825 3355 1886 3386 an
1928 3336 2117 3385 actualis
2135 3373 2149 3395 ‚
2185 3352 2247 3383 an

1236 3431 1459 3486 utraque,
1489 3423 1612 3469 inter
1639 3419 1969 3486 disputationes
1996 3416 2245 3467 catholico-

1236 3502 1700 3568 rumTheologorum
1730 3490 1896 3551 censet.

1308 3585 1370 3650 (1)
1407 3583 1504 3635 Cfr.
1524 3584 1693 3635 Su'arez
1707 3622 1721 3646 ,
1739 3584 1838 3638 loc.
1850 3586 1931 3633 cit.
